3516 5360
231 330 269 390 lo
710 327 816 384 lPrrr.
832 329 884 398 111,
908 329 994 386 12-
1006 330 1052 386 ll.

232 499 274 559 ibi
304 497 433 557 maxime
463 493 501 554 de
523 491 630 570 probis
653 494 754 571 iisque
779 495 914 568 afflictio,
947 494 1059 572 quibus
1082 493 1226 554 auxilium
1251 493 1386 555 divinum
1408 511 1512 570 prome

230 592 316 662 ptum
346 585 387 642 sit
416 585 508 656 atque
538 581 709 658 paratum.¹
754 580 799 640 lta
828 581 886 642 boc
913 585 1019 658 priore
1042 597 1152 642 uersus
1176 579 1347 640 duodecimi
1370 579 1509 643 membro

233 673 338 747 aperte
358 684 423 740 ¹non
445 671 507 725 tam
530 667 632 742 agitur
653 663 691 724 de
714 665 815 726 diuina
838 668 918 728 vitae
935 667 970 726 ad
986 663 1173 727 Psalmistae'
1192 671 1324 727 mentem
1348 670 1434 727 actae
1457 683 1509 742 ap·

233 755 416 836 probatione
432 769 522 828 quam
545 751 583 811 de
606 751 718 811 auxilio
741 753 801 829 piis
824 769 861 812 eo
885 754 1000 813 certius
1023 753 1141 822 tuturo,
1161 770 1221 830 quo
1246 753 1341 827 magis
1366 750 1403 812 ab
1426 751 1509 812 omni

233 839 436 918 repugnantia
458 837 599 914 maloque
623 837 691 896 aliis
715 837 875 899 inferendo
900 839 1051 899 desistant
1074 836 1169 915 ἱραί.α
1197 839 1252 898 Cui
1275 839 1434 914 aptissime
1457 854 1512 903 ane

236 944 312 995 nexa
335 925 507 986 sententiae
526 923 591 1000 jam
613 942 641 984 v.
657 924 695 986 13
718 924 858 1001 procedit
880 927 979 984 oratio
1003 924 1039 982 ad
1061 926 1335 1001 interrogationem
1357 922 1406 982 καὶ
1430 915 1508 993 ribi

236 1006 385 1074 κακώσων
403 1004 500 1086 ὑμᾶς
544 1011 657 1086 „Atqui
679 1007 782 1070 divino
805 1012 916 1070 auxilio
940 1010 1144 1072 circumdatos
1168 1028 1228 1087 quo
1252 1027 1308 1072 vos
1329 1010 1439 1070 damno
1459 1006 1513 1078 ad:

236 1099 366 1160 versarii
386 1097 535 1166 afficient,
565 1094 718 1172 siquidem
742 1099 1018 1171 perseveraveritis
1046 1099 1076 1156 in
1101 1113 1151 1168 ea,
1179 1099 1229 1156 eui
1251 1099 1438 1172 promissum
1462 1099 1509 1157 est

154 1222 156 1231 ·
236 1186 371 1246 divinum
395 1182 553 1253 auxilium,
576 1183 658 1242 vitae
680 1182 878 1259 probitate?“
945 1181 946 1186 ’

220 1320 222 1326 .
322 1268 481 1330 Sententia
509 1267 632 1328 omnino
661 1274 745 1328 earet
772 1283 882 1330 versus
912 1268 1048 1329 decimus
1074 1270 1200 1340 tertium
1234 1270 1294 1330 nisi
1325 1286 1363 1328 ex
1391 1271 1511 1328 autece-

237 1357 329 1419 dente
353 1354 532 1433 suppleatur
555 1353 648 1414 divini
669 1353 816 1431 praesidii
838 1357 937 1422 notio,
962 1354 992 1412 id
1016 1354 1096 1431 quod
1119 1355 1164 1415 lle
1179 1356 1281 1416 Wette
1296 1358 1381 1416 reete
1399 1369 1511 1429 eogno-

238 1441 311 1524 τίο.8
358 1441 536 1502 Certissima
560 1440 607 1500 his
630 1440 735 1500 verbis
758 1444 932 1501 continetur
954 1441 1119 1517 promissio
1144 1439 1260 1513 divina,
1284 1442 1326 1501 nil
1349 1439 1449 1500 damni
1473 1437 1510 1498 ab

238 1526 412 1591 bominibus
434 1528 594 1602 importari
615 1541 710 1602 posse
734 1528 800 1586 viro
820 1527 1008 1598 Christiano,
1028 1525 1179 1603 siquidem
1202 1544 1237 1586 re
1260 1544 1330 1587 vera
1355 1527 1396 1586 sit
1412 1523 1512 1603 qualis

239 1617 360 1676 nomine
383 1612 565 1676 declaretur.
604 1617 684 1673 Ante
701 1613 806 1674 oeulos
829 1613 887 1673 luit
908 1615 975 1673 sine
995 1610 1086 1672 dubio
1102 1612 1160 1672 boe
1175 1630 1298 1690 quoque
1313 1612 1380 1672 loeo
1398 1610 1512 1672 dietum

238 1702 354 1764 veteris
366 1700 544 1760 testamenti
556 1699 632 1774 (ies.
648 1697 681 1770 L,
697 1699 745 1774 9);
759 1699 811 1758 ubi
823 1698 902 1758 LXX
914 1701 1102 1776 interpretes
1115 1699 1173 1760 hoc
1185 1701 1253 1776 ipso
1265 1697 1361 1760 verbo
1374 1701 1511 1768 utuntur,

239 1785 306 1848 idaei
324 1779 428 1866 κύριος
450 1779 552 1864 κύριος
569 1779 724 1863 βοηθήσει
738 1799 806 1859 μοι·
830 1785 876 1855 τίς
891 1776 1020 1844 κακώσει
1037 1803 1091 1859 μι;
1119 1783 1290 1858 Similitudo
1309 1790 1410 1846 autem
1430 1784 1511 1843 loco-

185 1938 187 1940 .
240 1892 309 1935 rum
325 1888 387 1932 non
409 1873 439 1930 in
462 1871 566 1930 verbis
585 1870 685 1930 solum
704 1875 761 1939 est,
785 1887 876 1948 quam
894 1872 1082 1948 interpretes
1104 1871 1170 1931 fere
1189 1888 1295 1932 omnes
1312 1873 1512 1946 agnoverunt,
1610 1932 1612 1942 Ι

241 1958 296 2022 sed
313 1962 345 2019 in
361 1960 506 2018 contextu
525 1955 584 2015 loci
601 1956 739 2031 Jesajani
757 1958 854 2034 magis
872 1958 962 2016 etiam
981 1957 1155 2032 conspicua.
1186 1955 1349 2017 Antecedit
1364 1955 1442 2032 apud
1460 1951 1518 2026 Jeff

242 2047 337 2122 sejam
360 2043 526 2119 descriptio
549 2040 640 2118 probi
669 2042 823 2118 patienter
852 2042 1014 2102 tolerantis
1042 2043 1190 2121 quidquid
1217 2044 1397 2120 injuriarum
1423 2057 1515 2108 uerm-¹

239 2135 357 2194 tionum
380 2123 631 2210 contumeliarum
655 2131 684 2187 in
708 2143 743 2187 se
766 2129 900 2188 inferant
922 2128 1091 2189 adversarii
1114 2129 1166 2206 (t,
1190 2132 1207 2192 7
1232 2130 1284 2188 cfr.
1312 2132 1420 2190 nostro
1443 2127 1512 2188 loco

240 2239 268 2281 v.
285 2216 327 2295 9).
364 2213 475 2276 Mediis
499 2218 600 2274 autem
623 2209 659 2273 in'
678 2213 871 2274 coutumeliis
894 2218 978 2274 certa
1002 2214 1095 2276 divini
1110 2215 1257 2292 praesidii
1280 2232 1335 2292 spe
1357 2215 1399 2274 ita
1422 2214 1514 2288 erigi·

237 2309 305 2376 tur,
328 2307 364 2363 ut
386 2300 580 2361 adversarios
603 2315 776 2376 provocans
800 2300 931 2360 exultet:
955 2299 1000 2370 τίς
1022 2297 1038 2360 ὁ
1057 2296 1234 2381 κρινόμενός
1255 2323 1325 2378 μοι,·
1349 2299 1393 2370 τίς
1412 2293 1518 2366 κακώ-,

241 2412 285 2451 σει
307 2409 382 2467 μες,
408 2387 506 2446 Etiam
529 2401 608 2462 quae
636 2385 715 2446 iufra
735 2403 773 2446 ex
796 2387 921 2462 JesaJae
950 2391 1058 2446 octavo
1087 2388 1185 2464 eapite
1215 2387 1324 2448 hausta
1353 2385 1513 2463 apostolus

239 2475 421 2552 interponit,
445 2472 515 2533 buic
538 2473 710 2532 sententiae
727 2473 893 2532 simillima:
917 2469 970 2532 τὸν
993 2470 1026 2530 δι’
1044 2468 1145 2552 φόβον
1168 2469 1270 2533 αὐτῶν
1284 2469 1329 2552 μὴ
1347 2473 1517 2552 φοβηθῆτι

240 2560 318 2641 μηδὲ
334 2561 513 2638 ταραχθῆτε
528 2591 571 2602 -
585 2591 636 2631 -,
655 2575 670 2616 a
692 2562 838 2619 contextu
854 2559 962 2635 capitis
979 2560 1226 2637 quinquagesimi
1241 2576 1302 2619 nou
1318 2563 1390 2620 sunt
1406 2557 1519 2618 aliena
1565 2551 1567 2556 ’

240 2649 285 2712 lbi
308 2648 390 2707 enim
412 2645 513 2722 pergit
533 2645 712 2721 paulopost
736 2643 796 2722 (tl,
821 2645 868 2722 il:
891 2641 935 2722 μὴ
958 2645 1114 2724 φοβοῖσθε
1138 2641 1311 2720 ὀνειδισμὸν
1334 2639 1513 2722 ἀνθρώπων

240 2738 289 2795 καὶ
312 2737 356 2814 τῷ
379 2727 546 2810 pericopae}
569 2726 673 2790 αὐτῶν
699 2727 743 2810 μὴ
767 2724 915 2808 ἡττᾶσθε.
961 2730 1086 2790 Petrum
1110 2739 1212 2791 autem
1234 2732 1356 2792 omnino
1385 2747 1447 2792 non
1464 2727 1513 2798 ¹ad

241 2820 334 2884 verba
358 2817 458 2880 solum
481 2817 595 2901 veteris
618 2818 797 2877 testamenti
820 2815 955 2876 alludere
979 2816 1179 2895 singulosque
1207 2817 1292 2877 locos
1318 2818 1346 2876 in
1370 2813 1514 2876 auxilium

171 2925 173 2932 ’
241 2901 364 2977 vocare,
386 2903 440 2964 sed
464 2897 623 2979 quaequae
645 2902 683 2962 ab
707 2918 743 2961 eo
756 2902 808 2961 .vel
832 2900 911 2966 diota
928 2903 977 2964 vel
1000 2904 1114 2980 scripta
1136 2905 1325 2972 referantur,
1349 2907 1445 2961 totam
1464 2918 1536 2962 το.

246 2995 321 3054 teris
351 2991 528 3052 testamenti
555 2987 674 3048 dicendi
705 2987 999 3074 argumentandique
1030 2989 1182 3049 rationem
1210 2987 1351 3048 redolere
1382 2985 1515 3062 singula-

246 3104 442 3115 ......-.---—-

311 3145 334 3197 l.
355 3141 479 3194 Conieras
496 3141 662 3208 potissimum
681 3141 800 3192 v.5—1o
819 3141 864 3215 qui
882 3140 914 3192 ad
932 3156 1012 3192 unum
1028 3155 1119 3192 omnes
1137 3139 1164 3191 id
1183 3146 1264 3208 agunt
1283 3145 1311 3192 ut
1325 3139 1373 3192 Dei
1391 3140 1514 3192 auxilium

243 3212 365 3272 efferant,
384 3209 474 3262 beviti
494 3210 598 3276 piisque
617 3209 753 3270 curribus,
771 3209 862 3276 quiqui
875 3209 966 3260 alilicti
984 3209 1174 3261 calamitatibus
1187 3210 1233 3260 illo
1246 3208 1422 3271 confiderent,
1440 3223 1516 3276 prae-

242 3286 339 3337 stitum.
360 3280 405 3332 llis
419 3283 542 3346 tanquam
558 3279 685 3346 exemplis
699 3278 931 3358 comprobantibus
947 3279 1077 3339 nituntur,
1094 3293 1161 3346 quae
1176 3277 1270 3331 deinde
1285 3279 1311 3329 in
1327 3279 1408 3331 altem
1418 3277 1516 3330 Psalmi

243 3349 586 3488 ttt‘alt‘llttlttlt
604 3348 660 3484 ili
676 3344 1516 3483 lttltltllltttil‘llmltitul:“tiltilttlltiltt

244 3493 357 3543 lineatur
376 3481 548 3556 (ἐγεύσασθε
566 3479 610 3536 ὅτι
628 3479 747 3556 χρηστὸς
765 3479 779 3534 ὅ
795 3477 912 3554 κύριος).
1521 3485 1522 3491 ’

312 3562 336 3612 2.
356 3556 505 3624 Steiger‚
525 3556 643 3622 quamuis
662 3569 799 3622 perperam
818 3562 914 3606 statuat
933 3554 1011 3606 verba
1030 3547 1177 3623 πρόςωπον
1194 3553 1288 3624 κυρίου
1306 3554 1344 3604 nil
1365 3552 1515 3622 siguificare

244 3630 293 3685 nisi
314 3627 419 3690 „malos
439 3625 521 3678 licum
546 3640 597 3675 non
621 3624 725 3675 latere·‘
747 3621 890 3686 (Gamerar.
910 3623 1050 3687 flander),
1068 3628 1155 3674 tamen
1172 3623 1223 3674 boc
1242 3624 1304 3674 satis
1330 3629 1400 3674 reete
1420 3627 1517 3682 monet,
1584 3679 1586 3686 ,

244 3699 349 3752 Petrum
374 3694 495 3748 consulto
521 3694 640 3747 omisisse
664 3692 795 3760 posterius
819 3694 846 3744 iu
865 3691 961 3744 Psalmi
981 3707 1058 3744 versu
1083 3692 1226 3744 membrum
1246 3691 1338 3754 (txxz
1360 3691 1407 3742 τοῦ
1430 3685 1518 3747 ἐξολο-

245 3767 363 3837 θρεῐυαι
382 3759 412 3815 ἐκ
425 3763 475 3832 γῆς
487 3756 519 3814 τὸ
530 3757 710 3832 μνημόσυνον
722 3755 821 3825 αὐτῶν)
836 3763 896 3828 quia
911 3762 975 3814 nibil
988 3761 1135 3814 interfuerit
1149 3762 1273 3828 apostoli,
1292 3766 1390 3812 terrere
1402 3761 1517 3815 lectores

244 3851 345 3906 poenae
363 3834 502 3888 severitate
522 3837 581 3882 alric
601 3831 692 3883 oculos
710 3829 845 3897 ponenda:
865 3831 922 3891 „Er
935 3831 991 3882 will
1002 3832 1073 3886 nicbt
1085 3848 1134 3881 ουα
1147 3833 1192 3882 der
1204 3831 1363 3898 Bestrasanp
1376 3832 1422 3882 der
1435 3829 1517 3880 Bdsen

247 3925 285 3960 ππ
308 3907 380 3958 siclt
403 3904 494 3964 redeo,
518 3904 565 3952 wic
583 3903 629 3952 der
643 3899 765 3952 Psalmist
784 3918 809 3950 es
828 3901 899 3961 ticet,
924 3918 966 3950 um
984 3902 1069 3951 deuon
1087 3900 1306 3961 asturconem,
1331 3901 1441 3950 soodern
1458 3915 1518 3949 οονι

246 3975 464 4033 αουτδοΙιαιυ,
483 3973 542 4021 der
558 3971 616 4020 den
632 3969 813 4020 (israeliten
832 3987 869 4020 τα
888 3969 974 4020 tirell
990 3971 1086 4032 wird²
1106 3969 1172 4019 atad
1189 3969 1261 4020 also
1279 3985 1340 4019 aur
1358 3968 1517 4032 inceseret

245 4062 305 4096 nort
323 4046 390 4094 dem
411 4038 720 4092 Benelrmcn'Gcltes
738 4056 841 4106 peperi
859 4039 911 4088 dte
929 4037 1045 4100 Bdaen,
1069 4039 1120 4090 als
1139 4039 1231 4088 dicre
1248 4040 1353 4100 jessen
1371 4037 1518 4088 achadeo

246 4115 428 4166 Ιτόιιαιτυ.“
447 4109 532 4175 pato
545 4122 584 4174 sq.
623 4105 672 4159 oo.
692 4105 797 4158 Lutheri
815 4106 894 4159 verba
914 4105 982 4173 apud
998 4105 1205 4172 Wiesingerum:
1224 4107 1317 4169 „Weil
1334 4109 1452 4157 mireum
1470 4106 1518 4156 dos

150 4239 154 4248 ,
215 4174 220 4188 “
245 4186 351 4244 missen,
371 4181 432 4232 dass
451 4195 479 4229 cr
497 4195 555 4228 uos
573 4178 620 4227 mit
639 4177 857 4238 Gnaden,jenc
874 4179 920 4227 mit
941 4175 1084 4244 Unqncden
1100 4175 1203 4226 ansiebt
1221 4178 1288 4228 etc.“

314 4253 338 4304 3.
362 4249 442 4312 „Urtd
460 4245 594 4313 (comenge
613 4246 698 4296 dieser
718 4245 846 4312 Fttreorqe
866 4245 952 4298 Gotter
969 4246 1015 4308 sair
1034 4244 1173 4310 Gerecbte)
1192 4261 1244 4296 wer
1267 4247 1302 4294 ist
1325 4262 1366 4305 ea,
1392 4244 1438 4294 der
1456 4241 1519 4295 mela

246 4320 305 4374 ridel
323 4320 401 4371 tiara
423 4313 533 4368 errare
558 4313 605 4365 cir.
628 4312 734 4364 Hutber.
776 4311 914 4378 Steiger
938 4311 1062 4373 eundem,
1086 4313 1123 4364 uti
1147 4327 1227 4379 supra
1251 4311 1378 4372 vidimus,
1401 4318 1519 4363 statuens

247 4388 373 4442 orationis
398 4399 491 4438 nexum
516 4396 653 4450 perperam
673 4379 767 4434 deinde
785 4388 878 4434 versus
896 4383 1051 4435 sententiam
1071 4387 1206 4442 extenuat,
1230 4381 1305 4451 quasi
1326 4379 1443 4432 dicturus
1461 4381 1517 4433 lue·

246 4460 280 4512 fii
298 4458 402 4510 P⁰t¹²¹⁸²
422 4453 502 4517 ”Um
519 4453 678 4520 “heilwih
703 4469 756 4502 wer
778 4453 844 4503 wird
868 4453 930 4504 cuci
954 4453 1036 4514 dean,
1060 4455 1107 4502 wie
1130 4454 1172 4503 ilar
1195 4453 1258 4502 οιιοΙι
1276 4451 1410 4512 cimbrum,
1433 4449 1519 4518 plateis

250 4529 327 4582 Uebel
349 4521 487 4591 aaafa'tpda.ss
526 4519 651 4572 Similiter
674 4520 777 4574 Fluctus
796 4518 879 4572 Gloss
901 4521 1000 4573 Wiesiu
1022 4535 1063 4580 er,
1084 4519 1129 4586 qui
1153 4520 1202 4572 hos
1224 4518 1354 4586 sequitur,
1376 4533 1463 4586 neque,
1486 4515 1518 4570 ad

246 4595 362 4663 Jesajani
381 4609 439 4646 cum
458 4595 548 4643 nostro
573 4594 629 4642 loco
654 4587 850 4642 similitudinem
876 4605 960 4657 neque
986 4536 1020 4642 ai
1042 4590 1126 4642 nostri
1150 4587 1233 4655 ipsius
1257 4580 1519 4658 contextumtnpo‘g.

247 4682 324 4718 ωπον
349 4659 380 4716 δὲ
398 4660 492 4732 κυρίου
511 4653 557 4710 ἐπὶ
576 4659 723 4714 ποιοῦντας
740 4652 830 4709 κακά
847 4675 873 4712 v.
891 4661 938 4721 12;
961 4652 1010 4709 τὸν
1033 4655 1064 4708 dd
1089 4652 1178 4726 φόβον
1201 4653 1292 4708 αὐτῶν
1313 4650 1351 4726 μὴ
1376 4655 1519 4726 mowers

247 4749 272 4794 r.
284 4735 326 4800 tl)
346 4734 409 4787 satis
428 4728 551 4794 attendit,
570 4729 615 4781 ubi
633 4741 696 4780 sane
716 4727 920 4780 Christianorum
939 4727 1096 4780 adversariis
1114 4725 1180 4778 mala
1199 4723 1381 4778 adscribuntur
1401 4725 1472 4780 cont'
1486 4723 1518 4780 'a
