3516 5360
701 340 806 398 ll’srn.
822 338 938 410 11118.
1274 296 1310 368 ἰ
1423 339 1462 400 17
1549 419 1551 426 y

181 509 240 572 sed
264 509 338 588 quid
361 507 433 570 inde
456 508 494 570 de
515 509 609 586 hujus
631 509 717 569 vocis
739 510 771 568 in
794 505 948 570 sententia
965 512 1013 572 vi.
1036 508 1109 586 quid
1127 509 1165 570 de
1182 512 1337 571 sententia
1351 527 1462 574 versus

179 599 244 674 ipsa
269 597 448 657 necessario
471 599 630 672 sequatur,
648 593 679 654 id
701 611 776 655 vero
794 611 902 671 parurn
926 595 1098 660 attendunt.
1117 597 1177 656 nisi
1200 595 1282 672 quod
1306 595 1461 658 llutberus

178 681 276 744 addit:
300 685 473 762 „vocitabit
493 688 547 745 mit
569 687 624 745 der
637 685 915 762 Nebenbezielnmp,
940 687 1014 746 doro
1030 687 1109 746 autb
1123 687 1178 746 der
1196 685 1333 748 dbdatcn
1350 687 1471 748 Laidem

177 791 236 834 nor
258 777 306 834 ein
329 773 517 848 elumoliper,
548 774 604 831 mit
629 773 695 832 dem
718 771 804 832 Ende
833 770 932 836 obser
956 772 1070 832 debens
1097 771 1361 848 abpaccbl'nsaencs
1382 767 1462 834 rei.“

178 855 246 916 Non
271 857 425 928 ,‚iortasse
448 855 560 914 etiam“
584 853 644 912 tale
668 852 753 929 quid,
778 851 831 913 sed
852 853 940 929 ·quod
962 855 1049 915 nervi
1078 856 1177 914 instar
1204 855 1462 931 argumentationi

179 942 328 1004 inserviat
350 940 408 1001 hac
429 939 579 1016 particula
603 940 754 999 contineri
777 948 914 1000 'necesse
941 947 1003 1010 est,
1033 940 1063 999 id
1091 940 1176 1016 ‘quod
1205 941 1253 1001 rel
1283 958 1321 1001 ex
1347 942 1461 1018 insigni
1508 952 1516 964 ·

179 1045 239 1105 quo
257 1029 358 1104 posita
377 1030 426 1088 est
441 1025 509 1086 loco
527 1027 672 1100 emergit;
695 1025 830 1101 alioquin
848 1023 1043 1086 scribendum
1059 1027 1173 1086 iuerat:
1196 1021 1244 1088 ὅτι
1262 1025 1311 1084 καὶ
1325 1023 1464 1102 Χριστὸς

179 1109 295 1174 ’ἔπαθεν
318 1109 402 1184 ἅπαξ
423 1109 489 1186 περὶ
513 1104 683 1186 ἁμαρτιῶν.
727 1110 772 1170 Ile
796 1112 1020 1188 significatione
1043 1129 1137 1188 porro
1151 1112 1237 1172 verbi
1253 1130 1289 1173 ex
1304 1114 1463 1174 concessis

180 1200 388 1276 argumentari
410 1198 496 1272 licet3
521 1196 639 1272 scilicet
661 1213 723 1258 non
745 1194 775 1255 id
799 1197 898 1257 solum
922 1198 1092 1258 affirmatur
1115 1199 1173 1260 hoc
1190 1215 1286 1259 versu
1306 1197 1467 1260 Christum·

180 1288 270 1347 etiam
293 1301 419 1362 passum
443 1301 528 1348 esse,
554 1282 609 1343 sed
632 1284 673 1342 ita
695 1299 808 1360 passus
832 1281 958 1355 dicitur,
985 1289 1020 1343 ut
1049 1285 1227 1366 passionem
1249 1283 1357 1346 deinde
1380 1284 1469 1345 alind.

181 1370 252 1450 quid
276 1375 476 1432 consecutum
499 1371 554 1439 sit,
578 1368 659 1446 quod
683 1370 724 1428 sit
747 1368 789 1428 illi
812 1371 988 1446 oppositum
997 1371 1021 1432 ¹.
1437 1421 1439 1426 .

265 1456 382 1531 Quodsi
404 1455 525 1533 qualern
548 1459 662 1516 statum
685 1455 928 1532 consequentem
951 1459 982 1516 in
1005 1459 1107 1517 mente
1129 1455 1273 1516 babuerit
1302 1456 1463 1534 apostolus

181 1545 392 1621 muniremus,
423 1541 460 1601 ab
483 1543 551 1618 ipso
575 1540 705 1625 dilucide
727 1539 892 1600 indicatum
914 1540 1054 1603 videmus
1075 1541 1134 1602 sub
1158 1542 1252 1618 linem
1279 1543 1371 1620 hujus
1394 1559 1463 1604 rer·

181 1648 236 1692 sus
263 1629 368 1691 verbis
398 1625 599 1704 ζωοποιηθεὶς
628 1621 786 1701 πνεύματι.
838 1625 872 1688 ln
900 1627 1012 1712 quibus
1041 1631 1075 1687 ut
1103 1627 1288 1689 luculentius
1317 1636 1464 1706 appareat

182 1717 311 1777 alterum
333 1715 417 1775 illum
439 1717 520 1774 vitae
540 1718 653 1775 statum
675 1714 814 1789 passioni
837 1715 1014 1790 oppositum
1031 1715 1197 1784 contineri,
1222 1731 1371 1776 summam
1394 1733 1464 1791 pas·

183 1805 279 1864 sionis
301 1803 333 1862 in
357 1804 456 1862 morte
477 1801 672 1876 conspicuam
695 1801 727 1857 in
750 1799 854 1874 priore
878 1797 1076 1859 additamenti
1098 1799 1244 1872 bipartiti
1257 1801 1396 1861 membro
1414 1819 1465 1862 re·

80 1957 84 1972 .
181 1889 307 1968 petitam
333 1886 481 1948 videmus.
521 1886 596 1945 llinc
623 1889 722 1961 patet,
748 1890 937 1961 quapropter
958 1885 1107 1962 particula
1131 1881 1215 1956 ἅπαξ
1236 1903 1305 1946 cum
1327 1889 1358 1948 vi
1381 1895 1466 1948 ante-

181 1976 282 2053 posita
308 1975 415 2043 inerit,
450 1971 568 2032 scilicet
595 1976 630 2029 ut
657 1971 694 2030 ab
722 1972 809 2030 initio
834 1971 936 2030 statim
964 1971 1192 2048 significaretur
1219 1972 1387 2034 laetissima
1415 1974 1465 2033 illa

182 2062 337 2140 passionis
361 2065 391 2119 ct
413 2059 522 2119 mortis
547 2057 660 2117 Christi
683 2059 715 2116 in
737 2057 817 2115 vitae
839 2056 1028 2134 triumphurn
1056 2060 1240 2135 permutatio
1251 2057 1275 2118 ².
1322 2059 1366 2118 lta
1395 2077 1467 2120 oon·
1562 2120 1567 2132 κ

184 2145 257 2207 cidit
272 2148 378 2216 etiam,
403 2144 484 2221 quod
503 2161 558 2222 per
582 2160 616 2203 se
636 2143 711 2202 satis
734 2148 818 2202 recte
834 2142 906 2203 buic
923 2143 1118 2220 explicationi
1133 2147 1247 2220 opponi
1264 2146 1465 2219 meminimus,

183 2234 241 2293 bac
263 2249 322 2292 una
345 2230 494 2308 particula
522 2246 628 2306 parum
652 2231 787 2305 graviter
815 2232 847 2288 et
869 2234 1011 2290 accurate
1038 2229 1179 2300 indicari,
1212 2230 1285 2307 quid
1307 2233 1379 2292 nori
1402 2233 1466 2308 J‘am

184 2322 214 2379 in
244 2319 468 2380 sententiarum
502 2316 721 2378 consecutione
754 2314 912 2376 inferatur.
967 2317 1062 2376 lmrno
1097 2317 1149 2392 qui
1177 2333 1256 2392 quae
1283 2316 1467 2378 antecedunt

184 2407 357 2466 accuratius
380 2400 638 2485 consideraverit,
663 2405 778 2462 statuat
805 2417 933 2461 necesse
956 2406 1018 2471 cst,
1042 2403 1102 2462 nisi
1124 2401 1233 2462 leviter
1255 2407 1340 2463 certe
1357 2403 1397 2462 ab
1409 2405 1468 2464 ini·

184 2494 227 2552 tio
251 2492 354 2552 statim
377 2489 415 2549 de
436 2494 587 2566 sequente
606 2487 655 2547 illa
673 2491 772 2548 status
790 2489 1018 2564 permutatione
1034 2489 1258 2565 praemonitum
1272 2489 1374 2561 fuerit,
1395 2489 1468 2550 illud
1542 2557 1543 2560 Ἴ

186 2585 322 2653 κρεῖττον
345 2581 377 2636 et
398 2569 544 2649 μακάριοι
568 2609 607 2620 —
631 2573 697 2634 sola
721 2573 851 2648 repetita
874 2575 1030 2650 passionis
1053 2574 1168 2634 Christi
1190 2575 1345 2635 mentione
1369 2577 1467 2654 excipi

189 2666 310 2724 omnino
333 2677 395 2722 non
418 2663 567 2738 potuisse.
612 2659 759 2735 Sequitur
782 2674 857 2718 sane
881 2659 986 2730 simul,
1011 2664 1045 2720 ut
1067 2657 1242 2736 bipartitam
1258 2659 1338 2720 illam
1354 2678 1467 2724 uersus

187 2749 415 2810 conclusionem
438 2743 661 2821 ,,θανατωθεὶς
676 2741 732 2817 μὶν
749 2743 850 2822 σαρκί,γ
872 2744 1074 2820 ζωοποιηθεὶς
1090 2743 1124 2805 dl
1142 2741 1314 2820 uredpcrr“
1334 2748 1466 2808 arctiore

187 2835 307 2896 vinculo
331 2831 583 2894 antecedentibus
607 2829 795 2890 adstructam
819 2835 997 2891 statuamus.

271 2921 310 2980 Et
333 2921 457 2989 mirum,
485 2920 537 2994 qui
567 2918 635 2977 lieri
664 2918 813 2992 potuerit,
840 2921 876 2976 nt
898 2916 1054 2977 liutherus
1077 2916 1189 2994 aliique
1215 2917 1369 2979 vinculum
1395 2918 1467 2981 illud

187 3005 274 3069 valde
296 3006 485 3076 relaxarent,
510 3021 578 3065 cum
601 3004 660 3080 ipsi
682 3001 971 3067 taruendiscrimen
995 3003 1184 3080 singulorum
1211 3005 1243 3064 in
1267 3005 1380 3065 Christi
1407 3009 1469 3066 vita

188 3099 322 3154 matrum
350 3106 425 3152 voce
454 3086 538 3162 ἅπαξ
566 3089 693 3150 indicari
722 3093 895 3149 statuerent
922 3094 954 3149 et
980 3091 1140 3167 participia
1169 3089 1219 3150 illa
1246 3089 1491 3176 subsequentia¹

188 3197 254 3240 cum
283 3179 377 3238 verbo
406 3173 504 3237 ἔπαθε
532 3179 712 3254 jungerent,
748 3176 907 3236 enuntiato
937 3176 1020 3235 finali
1046 3176 1175 3252 reliquis
1204 3175 1378 3253 subjuncto.
1423 3178 1467 3238 lta

189 3267 267 3326 enim
292 3265 430 3342 prolecto
453 3259 600 3341 periodus
622 3261 698 3321 baec
719 3265 895 3338 comparate
918 3266 979 3331 est,
1007 3267 1042 3322 nt
1071 3264 1103 3321 in
1130 3279 1241 3323 versus
1263 3263 1325 3322 iine
1347 3263 1470 3325 demum

189 3353 364 3428 requiescat
391 3351 516 3431 lectoris
549 3365 609 3410 vox
637 3353 669 3408 et
698 3346 853 3408 meditatio
885 3351 1011 3425 totaque
1040 3349 1262 3425 argumentatio
1292 3351 1378 3428 print
1407 3343 1470 3411 nou¹

190 3435 396 3498 concludatur.

274 3523 328 3583 liis
351 3522 501 3600 expositis
523 3537 586 3580 non
617 3519 792 3580 dubitamus
822 3521 1097 3595 argumentationis
1127 3537 1275 3581 summam
1300 3537 1367 3582 cum
1390 3521 1469 3583 Ben-

85 3655 88 3665 ,
191 3608 270 3688 gelio
285 3609 364 3668 hanc
383 3607 500 3667 dicere:
524 3606 660 3678 „Melius
684 3610 733 3666 est
755 3605 850 3666 semel
874 3621 942 3666 curn
966 3605 1088 3666 Christo
1111 3608 1173 3682 pati
1201 3623 1291 3684 qnam
1313 3610 1345 3668 in
1371 3612 1471 3669 aeter·

107 3729 109 3736 ·
190 3713 262 3756 unm
287 3697 354 3756 sine
378 3693 501 3754 Christo
511 3693 555 3756 δέ·
589 3692 665 3751 Nam
678 3691 737 3751 hoc
752 3692 909 3768 posterius
925 3688 998 3752 licet
1015 3691 1119 3752 verbis
1136 3709 1199 3753 non
1219 3692 1378 3765 indicetur,
1396 3693 1471 3756 latet

189 3783 352 3842 tamenin
385 3778 578 3839 antecedenti
607 3778 759 3837 sententia
787 3768 942 3852 „nolognv
969 3780 1244 3848 κακοποιοῦντας.“
1291 3777 1399 3857 Neque
1427 3780 1472 3841 illl
1525 3862 1529 3870 Ι

262 3987 285 4037 l.
305 3983 454 4050 Wiesinger
473 3982 633 4033 rectissime:
654 3978 733 4040 „Von
746 3980 803 4029 dem
818 3971 893 4031 ἅπαξ
911 3995 959 4030 aus
973 3979 1035 4044 folla
1050 3981 1159 4046 acford
1175 3989 1292 4050 oermope
1309 3983 1355 4034 der
1372 3983 1471 4036 eloco·

111 4062 115 4071 '
192 4053 304 4120 atelloop
322 4053 404 4104 derel
422 4049 471 4101 καὶ
489 4053 578 4111 „„er'n
599 4049 743 4102 obrelictae
764 4045 837 4098 bloba
855 4047 908 4110 auf
920 4047 969 4098 dos
984 4047 1080 4100 Laidos
1097 4049 1144 4101 der
1165 4048 1331 4102 Obriaten““
1347 4049 1472 4111 (Beseerl,

192 4123 241 4174 das
259 4124 310 4174 eia
328 4122 395 4173 Mal
417 4121 547 4175 ardoldet,
573 4121 627 4182 fiir
652 4121 764 4169 immor
784 4116 842 4168 der
865 4114 1101 4170 Harrlr'clabeit
1121 4119 1325 4186 *abeilltafllg
1349 4122 1471 4174 naabi.

188 4182 274 4244 Ἃπαξ
292 4184 383 4242 ἔπαθε
401 4189 516 4242 ndmb'cb
535 4197 595 4252 sapt
613 4189 658 4238 der
674 4186 723 4254 Ap.
742 4202 791 4235 oon
807 4183 905 4237 Cbriatt'
919 4184 1013 4237 beiden
1033 4185 1100 4256 (ogd.
1117 4187 1194 4240 Hebr.
1206 4187 1259 4247 IX,
1276 4190 1317 4240 27.
1336 4191 1379 4240 28.
1401 4189 1471 4242 Rom.

197 4258 247 4318 Vi,
259 4260 284 4311 9.
295 4260 348 4319 10)
368 4261 454 4310 tndem
476 4275 504 4308 er
522 4257 575 4322 auf
587 4258 636 4306 deo
655 4254 780 4321 Auagaog
799 4257 883 4304 seinos
900 4253 1008 4306 Laidem
1026 4254 1203 4312 θανατωθεὶς
1219 4253 1273 4328 μὲν
1290 4257 1387 4327 σαρκί,
1406 4259 1469 4320 ζωο-

193 4326 322 4395 ποιηθεὶς
340 4324 372 4378 ιὶὲ
389 4319 527 4396 πνεὶματι
544 4326 593 4390 opl.
612 4327 659 4376 mil
675 4342 699 4374 o.
711 4325 744 4374 22
763 4321 921 4374 lieolicirf‘-
1182 4331 1184 4336 '
1385 4357 1390 4366 ,

261 4399 285 4450 2.
305 4395 354 4450 Gir.
376 4409 443 4462 qnae
458 4394 606 4461 nuperrime
626 4393 676 4444 boe
695 4390 727 4442 de
746 4391 805 4442 loco
819 4389 928 4457 scripsit
940 4387 1133 4456 litngelbordt)
1145 4394 1171 4444 in
1185 4393 1338 4459 Zeltscbrr'tl
1354 4397 1400 4459 for
1411 4395 1472 4447 Pro-

193 4475 250 4516 dest.
262 4465 395 4532 Erloopen
407 4465 479 4517 loeo
497 4462 538 4515 W
552 4479 576 4528 p.
588 4463 646 4515 269.
668 4459 725 4512 l'la
734 4459 819 4512 cius:
841 4461 926 4518 „sicot
942 4459 1022 4527 igitur
1033 4460 1230 4514 commendatur
1245 4463 1322 4515 nobis
1334 4463 1360 4513 in
1371 4462 1473 4516 Christo
1571 4497 1577 4512 ι

194 4533 342 4599 exemplum
367 4531 490 4584 serendae
515 4532 613 4590 crucis,
641 4527 676 4581 ita
708 4530 785 4580 etiarn
813 4541 875 4594 spes
904 4529 1036 4594 gloriosae
1065 4529 1228 4584 liberationis
1253 4531 1329 4584 nobis
1355 4531 1471 4596 ejusdem

196 4602 316 4668 exemplo
340 4602 508 4668 proponitur,
529 4603 604 4666 juxta
629 4597 693 4651 illud
716 4597 790 4649 Rom.
806 4595 877 4658 Vlll,
897 4600 941 4650 li:
965 4597 987 4648 sl
1012 4612 1071 4650 cum
1094 4599 1140 4652 illo
1165 4602 1289 4668 patimur,
1313 4601 1392 4654 simul
1413 4615 1472 4656 curn
1558 4612 1566 4619 ·

194 4672 240 4723 illo
259 4671 452 4738 regnabimus.“
610 4707 611 4712 ,
1197 4664 1201 4678 ¹
1451 4683 1454 4694 ,

262 4741 287 4794 ὃ.
305 4738 355 4792 Gir.
375 4739 531 4808 wieeiuger.

1183 4941 1190 4952 x
1354 4935 1363 4954 Χ
