3516 5360
293 322 334 383 64
620 368 624 380 ι
658 325 829 382 Τ111ῠ11101118
848 341 900 380 coll
916 341 1035 380 boenerii
1052 339 1207 380 001181118118.

290 490 341 553 illa
370 493 567 568 gravissima?
603 489 648 554 ὅτι
676 489 870 570 ἀπεξεδέχετο
904 484 922 570 ἦ
950 492 1006 552 τοῦ
1035 491 1113 550 θεοῦ
1142 487 1348 569 μακροθυμία
1377 490 1447 568 (cfr.
1473 507 1569 569 supra

291 597 320 656 p.
338 578 378 641 28
396 581 478 656 sqq.)
506 580 599 642 veluti
622 580 843 642 commentario
870 577 1064 638 illustrantur
1090 577 1138 637 bis
1160 575 1297 638 lleoocbi
1319 575 1423 637 verbis
1449 575 1525 652 (LX,
1548 579 1568 639 5

291 663 450 726 edsllillm.
468 685 497 742 p.
512 667 580 735 30v:
605 672 702 746 „Bis
723 671 832 730 beate
853 687 918 728 ινον
940 670 995 728 der
1009 668 1075 743 ,Ταο
1097 669 1197 727 coner
1213 667 1568 743 Bormderziqlrea't,

291 756 333 814 do
354 773 388 814 er
410 756 601 833 barmberzip
622 760 686 817 und
707 756 949 831 lanpmiitlrip
970 771 1035 813 ιναν
1055 771 1150 830 pepon
1169 754 1233 824 die,
1258 755 1308 813 die
1325 755 1383 814 den
1402 753 1566 816 Erdboden

292 836 487 902 demolitam.“
510 839 583 916 (Cir.
606 835 713 909 XClll,
737 839 778 910 3.)
1064 839 1069 848 ‘

247 991 252 1007 ,
378 922 437 983 Tot
466 929 497 985 et
523 926 617 985 tantis
644 925 830 995 testimoniis
858 939 919 982 uno
944 925 1032 999 quasi
1058 939 1112 980 ore
1140 920 1177 980 de
1206 923 1306 996 gentis
1330 921 1411 980 illius
1442 925 1571 999 propter

292 1011 422 1068 immane
445 1011 560 1070 crimen
578 1011 690 1071 diluvio
709 1010 827 1070 deletae
847 1010 1044 1086 aeternisque
1067 1006 1196 1068 vinculis
1223 1005 1351 1067 traditae
1371 1005 1567 1068 damnatione

293 1087 573 1168 consentientibus,
599 1103 701 1157 tamen
724 1097 829 1156 nescio
853 1113 914 1172 quo
933 1097 1004 1171 jure
1027 1097 1214 1171 interpretes
1237 1098 1472 1171 proptcrunum
1495 1093 1568 1154 illud

292 1175 455 1260 κηρύσσειν
478 1183 605 1243 verbum
629 1185 724 1243 invito
747 1183 805 1243 loci
823 1185 968 1241 contextu
992 1180 1085 1240 invita
1108 1179 1234 1238 alterius
1258 1178 1406 1255 epistolae
1429 1178 1568 1240 doctrina

293 1269 477 1329 contrariam
501 1271 731 1330 inculcaverant
754 1269 946 1328 sententiam.
989 1266 1026 1324 Et
1041 1265 1128 1325 verbi
1142 1264 1265 1342 quidem
1286 1259 1450 1344 κηρύσσειν
1464 1267 1496 1326 10
1512 1265 1568 1326 No.

293 1353 347 1414 To.
365 1355 471 1427 ususl
497 1373 588 1432 quem
611 1373 703 1433 supra
727 1354 956 1416 illustravimus
969 1354 1009 1429 (p.
1029 1352 1065 1414 31
1079 1351 1177 1427 Ab)
1202 1369 1294 1427 quum
1317 1368 1374 1428 per
1391 1367 1425 1411 se
1443 1354 1568 1429 egregie

293 1441 323 1500 in
352 1444 492 1500 nostrum
522 1441 621 1502 locum
650 1442 826 1512 conveniat,
856 1444 920 1498 tum
947 1437 1093 1514 singulari
1118 1436 1251 1497 sortasse
1276 1454 1369 1498 causa
1397 1442 1567 1499 commotus

293 1526 453 1602 apostolus
475 1524 505 1586 id
529 1527 656 1589 verbum
680 1531 710 1587 in
734 1527 917 1587 sententiam
941 1541 1028 1584 suam
1048 1522 1197 1584 adhibuit.
1233 1522 1361 1584 Videtur
1382 1524 1567 1584 0011011101-

292 1618 360 1673 stus
382 1612 453 1672 buic
475 1615 558 1688 genti
582 1618 728 1691 tanquam
755 1613 833 1673 alter
861 1610 1004 1672 Noacbus
1031 1610 1174 1686 idemque
1203 1625 1341 1669 summus
1371 1603 1569 1687 δικαιοσύνης

293 1693 389 1774 κηόνξ
411 1702 591 1776 apparuisse
615 1701 795 1778 supplicium
812 1715 938 1758 sumens
961 1697 1001 1756 ob
1017 1699 1205 1757 contemtum
1228 1694 1349 1756 divinae
1368 1694 1567 1771 benignitatis

224 1845 227 1851 4
292 1801 349 1861 per
371 1782 527 1846 Noacbum
549 1785 632 1846 illum
651 1786 855 1864 praedicatae.
896 1784 1000 1843 Potuit
1022 1783 1091 1842 fieri
1118 1787 1152 1843 ut
1174 1780 1317 1843 Noacbus
1347 1781 1399 1841 illo
1427 1784 1567 1859 tempore

293 1865 363 1930 κατ’
388 1865 495 1951 ἐξοχήν
518 1868 614 1951 cippo}
635 1874 711 1933 θεοῦ
735 1872 782 1933 vel
813 1863 1010 1947 δικαιοσύνης
1037 1867 1180 1944 illiusque
1209 1867 1398 1944 praedicatio
1425 1861 1566 1949 κήρυγμα
1618 1907 1621 1916 ,

202 2025 206 2032 ι
293 1955 533 2033 appellaretur.²

379 2041 463 2103 llaud
487 2061 561 2104 sane
584 2061 642 2104 nos
662 2045 741 2120 fugit
768 2048 891 2104 veteres
919 2041 1069 2102 ecclesiae
1096 2038 1291 2100 Lutberanae
1322 2038 1466 2102 doctores
1495 2039 1567 2102 huic

294 2127 331 2188 de
354 2129 471 2205 angelis
494 2147 562 2189 cum
585 2127 758 2190 hominibus
789 2130 890 2189 mixtis
919 2128 1055 2205 opinioni
1084 2125 1171 2187 valde
1199 2122 1372 2186 obluctatos
1396 2142 1482 2200 esse3
1510 2125 1569 2187 sed.
1595 2126 1599 2130 ’

295 2214 470 2275 obluctatur
480 2217 557 2293 ipsis
574 2215 672 2276 Judae
689 2216 775 2275 locus
793 2214 1062 2276 luculentissimus.
1093 2213 1149 2272 Cui
1165 2213 1284 2273 auctori
1296 2230 1390 2288 quum
1405 2211 1497 2272 tidem
1513 2211 1565 2273 de-

292 2318 406 2377 negare
441 2306 471 2362 et
498 2303 710 2362 auctoritatem
739 2301 824 2362 nefas
853 2302 908 2371 sit,
942 2317 1005 2359 non
1032 2298 1137 2359 licebit
1164 2298 1294 2376 postbac
1322 2297 1360 2358 de
1388 2297 1567 2376 recipiendo
1625 2356 1642 2384 l,

293 2387 351 2447 boc
378 2386 521 2464 dogmate
548 2389 580 2447 in
608 2388 797 2464 reliquorum
824 2388 906 2447 serie
930 2384 1170 2463 disciplinaeque
1193 2385 1384 2460 dogmaticae
1407 2385 1567 2462 complexu

293 2473 465 2533 dubitare.³
499 2474 562 2548 Qua
588 2476 617 2534 in
641 2492 674 2535 re
698 2472 804 2533 eadem
827 2471 1020 2532 observanda
1038 2473 1097 2532 erit
1115 2469 1299 2531 verecundia
1316 2475 1347 2531 et
1363 2471 1490 2532 castitas
1506 2487 1567 2548 qua

294 2561 464 2637 scriptores
487 2577 593 2620 sacros
618 2559 844 2636 nonnullosque
865 2559 1095 2619 ecclesiasticos
1119 2557 1242 2618 differre
1271 2555 1410 2616 videmus
1438 2575 1455 2617 a
1477 2575 1567 2634 spur·
1586 2623 1587 2626 Ἴ

293 2647 415 2706 tissima
438 2649 484 2706 rei
508 2645 727 2707 describendae
749 2647 871 2704 ratione
895 2646 1026 2721 quaein
1050 2643 1235 2722 apocryphis
1254 2643 1407 2704 nonnullis
1425 2645 1570 2704 maxime·

294 2749 354 2809 que
378 2733 408 2792 in
431 2732 567 2793 Henocbi
591 2732 669 2792 libro
699 2731 824 2792 obtinet.
863 2731 1051 2808 Quamquam
1081 2730 1158 2790 alios
1186 2729 1288 2806 paullo
1312 2731 1445 2790 castiore
1477 2729 1569 2790 modo

291 2835 357 2878 rem
380 2820 489 2879 animis
515 2818 698 2878 informasse
717 2817 899 2878 documento
911 2819 973 2894 jam
992 2821 1040 2878 est
1062 2817 1147 2877 locus
1164 2816 1213 2877 ille
1240 2833 1277 2875 ex
1292 2817 1497 2876 Testamentis
1512 2815 1568 2876 llll

292 2905 535 2981 patriarcharum
559 2904 770 2964 nobilissimus
793 2903 902 2966 Ruben
924 2920 949 2964 c.
963 2903 1020 2966 V,4
1099 2935 1105 2958 ι

307 3021 310 3026 ,
378 2989 495 3064 Quodsi
518 2989 554 3049 ad
578 2990 713 3050 llenochi
736 2990 845 3049 librum
868 2993 1102 3066 provocavimus
1125 2992 1156 3049 in
1179 2987 1356 3065 explicando
1380 2987 1464 3048 Petri
1487 2987 1586 3060 1000,Ι

292 3076 366 3137 nibil
388 3077 527 3154 prolecto
544 3078 709 3137 commovit
728 3077 787 3134 nisi
812 3093 847 3134 ea
871 3093 950 3152 quae
973 3079 1077 3152 negari
1101 3075 1208 3151 nequit
1227 3073 1416 3134 0001111010δ
1438 3075 1477 3152 10Ι
1493 3090 1567 3134 000-

292 3162 383 3224 nullis
412 3162 488 3222 locis
517 3162 662 3238 singulm,
693 3163 823 3222 maxime
846 3169 948 3224 autem
977 3165 1008 3222 in
1031 3162 1080 3222 illa
1104 3161 1141 3220 de
1165 3176 1289 3220 carcere
1311 3160 1432 3219 inferno
1456 3159 1569 3227 doetri-

294 3297 493 3308 κισ--ι--ηι

360 3351 381 3400 1.
402 3347 441 3399 nd
464 3349 539 3401 locos
568 3365 645 3414 sopra
673 3353 892 3400 commemoratos
921 3347 986 3398 adde
1011 3347 1117 3398 Zachar.
1141 3345 1187 3406 lll',
1210 3349 1239 3398 9:
1267 3339 1417 3415 κήρυσσε
1440 3339 1565 3414 θύγατερ

287 3411 467 3498 Ἰερουσαλήμ
486 3412 548 3470 idat
564 3413 745 3485 ὃβασιλοὺς
762 3413 904 3486 ἔρχεταί
923 3433 979 3478 σοι,
999 3423 1025 3467 01
1041 3415 1167 3482 Sophonj.
1182 3413 1227 3475 lll,
1244 3417 1281 3468 11.
1299 3417 1344 3477 15,
1363 3415 1459 3481 quibus
1474 3416 1567 3482 ‘singu-

291 3487 352 3538 lans
371 3486 415 3537 ille
434 3489 473 3538 Ni.
493 3487 532 3538 Ti.
554 3503 616 3538 osus
635 3489 741 3554 egregie
760 3485 936 3538 confirmator.

359 3575 385 3626 2.
403 3571 477 3626 Solet
498 3571 602 3640 quidem
625 3559 801 3624 Noaehus'uti
821 3571 961 3624 llenoclrus
978 3585 1036 3636 pro
1047 3571 1145 3636 p'lreta
1164 3568 1290 3636 appellari
1309 3567 1412 3634 (Philo,
1434 3569 1498 3630 Quis
1517 3583 1566 3622 rer.

292 3641 343 3692 div.
363 3643 417 3693 lter.
437 3658 462 3709 p.
478 3644 528 3694 510
547 3640 587 3694 ed.
604 3639 720 3708 Mong.);
739 3641 785 3692 sed
805 3641 925 3691 conteras
945 3631 1094 3709 ,,κήρνγμα
1113 3633 1200 3689 Νῶο“
1219 3637 1283 3689 illud
1303 3639 1328 3689 in
1352 3637 1488 3706 Sibyllinis
1509 3653 1565 3689 ora-

291 3711 358 3762 culis
376 3711 421 3762 lib.
440 3710 448 3761 l
468 3709 536 3776 apud
555 3710 701 3762 Fabricium
724 3711 785 3762 (lod.
809 3707 979 3776 Pseudepigr.
1002 3710 1010 3760 l
1029 3710 1122 3775 peto.

359 3799 385 3850 3.
403 3795 525 3848 Twesten
546 3797 761 3864 (1109000111,
782 3799 794 3848 1
814 3811 838 3862 p.
854 3797 918 3855 332)
937 3795 1046 3858 agnovit
1064 3793 1257 3860 quodammodo
1282 3795 1347 3846 hano
1367 3775 1562 3846 necessitatem.

292 3865 403 3925 istum
420 3868 544 3933 praeissem
569 3865 808 3931 Voraursettauqen
825 3865 896 3915 uinbt
913 3865 1111 3920 oadeallmffl-
1128 3863 1288 3916 Hoimannus
1305 3863 1475 3929 Erlangensis
1494 3863 1564 3929 prin-

293 3949 355 4000 ceps
375 3933 492 4000 dogmati
511 3941 609 3986 certum
629 3936 654 3986 10
675 3933 792 3984 doctrina
813 3932 956 3984 ChristIena
975 3933 1061 3984 locum
1082 3932 1225 3984 vindicavit
1244 3932 1337 3996 (1.1).

359 4023 384 4071 4.
413 4014 537 4088 satyrae
559 4007 608 4072 οἶν
632 4014 683 4086 τὴν
707 4019 857 4088 πορνείαν,
880 4015 964 4069 τέκνα
987 4035 1054 4088 μου,
1078 4017 1125 4069 καὶ
1147 4012 1334 4088 προστάσσοτο
1354 4021 1415 4074 ταῖς
1437 4011 1568 4084 γυναιξὶν

291 4084 368 4170 {pedu
392 4087 440 4139 καὶ
460 4093 521 4146 ταῖς
539 4086 715 4159 θυγατράσιν
734 4085 781 4138 ἵνα
797 4080 835 4158 μὴ
848 4081 1073 4166 κοσμῶντανντὰς
1090 4081 1215 4156 κεφαλάς
1236 4113 1270 4124 -
1288 4117 1321 4124 -
1340 4115 1390 4166 -ζ
1420 4083 1493 4136 Οὕτω
1510 4079 1566 4154 γὰρ

291 4151 410 4238 {deifer
426 4152 685 4239 totg’quqytpooc
699 4151 754 4224 πρὸ
771 4157 819 4207 τοῦ
834 4155 1039 4226 κατακλασμου·
1059 4150 1184 4207 κάκεῖνοι
1204 4157 1326 4224 συνεχῶς
1338 4150 1455 4225 ὁρωντες
1472 4149 1565 4214 αὐτάς,

179 4229 186 4246 “
292 4241 458 4295 εγενοντο
479 4243 516 4279 εν
540 4227 709 4298 επιθνμίᾳ
733 4219 885 4294 ἀλλήλων
902 4223 949 4305 καὶ
967 4221 1117 4291 συνέλαβον
1141 4224 1174 4296 τῇ
1193 4222 1303 4293 διανοίη
1324 4217 1374 4290 τὴν
1397 4217 1500 4306 πρᾶξιν
1517 4221 1565 4273 καὶ

291 4297 558 4380 μετεσχηματιζοντο
582 4292 623 4352 εἰς
646 4289 813 4379 ἀνθρώπους
832 4293 889 4374 aad
913 4293 1012 4374 ενντῇ
1037 4287 1462 4378 σννοοσίηιθτῶνιᾶνδρων
1487 4306 1566 4344 σνν-

291 4359 1566 4501 1111νὲύῖιί(111ῒῖ15·’ἔθ’ἷῗῖἴὲέαᾞὲἴύὲἕξ0111ιῖ11111ἷέ111ἷῖ1111ιέ

293 4449 395 4559 meve
432 4502 482 4556 Gir.
525 4450 888 4570 001008010110111000110.
917 4447 1346 4566 1011010100ΟούγοιρΡοουύορίςν.
1366 4499 1374 4550 l
1394 4502 1487 4565 0166.

362 4587 529 4640 5.(10010000
553 4591 663 4641 maxime
691 4604 757 4656 quae
782 4588 872 4657 capll
891 4593 916 4640 et
940 4586 1015 4638 GVlll
1040 4585 1072 4636 ad
1096 4585 1174 4638 finem
1196 4585 1277 4637 totius
1301 4585 1360 4636 libri
1387 4581 1563 4635 deliniendum

290 4654 448 4775 delldiversa
467 4658 569 4723 piorum
590 4663 618 4711 et
638 4660 778 4728 impiorum
803 4663 873 4712 sorte
889 4659 915 4708 in
935 4658 1040 4708 illorum
1058 4656 1178 4708 solatium
1198 4653 1296 4720 scripta
1311 4657 1372 4706 aunt
1391 4653 1504 4706 Petrinis
1528 4653 1564 4704 si-

292 4739 327 4775 rm
348 4738 410 4775 rma.
929 4764 932 4768 .
1076 4755 1079 4760 ,
