3516 5360
719 315 820 370 lPuru.
835 315 881 384 lV,
899 316 927 372 6.
1422 311 1462 381 411

181 484 344 573 scripserit
373 481 533 559 apostolus
562 478 614 540 ἵνα
644 479 801 562 κριθέντες
817 453 908 542 κατὰ
937 477 1127 560 ἀνθρώπους
1158 479 1246 562 σαρκὶ
1278 478 1349 553 ζῶσι
1381 477 1458 540 κατὰ

182 565 258 629 θεὸν
282 561 441 644 πνεύματι.
478 569 539 628 Per
555 570 771 644 grammaticae
795 569 879 644 leges
902 585 977 629 sane
998 569 1072 628 terri
1095 571 1199 644 potest
1222 567 1373 645 ejusmodi
1390 585 1459 645 par-

181 656 277 733 ticipii
300 671 368 714 cum
393 653 487 715 verbo
510 653 597 713 finito
621 654 847 714 commutatio.¹
892 655 1051 714 Difficilinr
1072 658 1174 714 tamen
1198 659 1245 713 est
1267 654 1342 714 haec
1365 651 1458 715 ihter-
1509 649 1510 654 ’

182 739 321 819 pretandi
344 742 441 812 ratio.
462 758 553 817 quam
577 745 611 800 ut
633 742 685 816 qui
709 740 849 800 audirent
873 741 1032 816 epistolam
1049 742 1172 800 recitari
1188 740 1224 800 ad
1241 740 1321 800 hunc
1337 740 1457 802 modum

179 827 273 888 verba
308 826 440 903 apostoli
477 828 616 903 accipere
651 827 816 902 potuerint.
862 826 1014 902 ‘Quisquis
1042 826 1202 904 periodum
1233 825 1311 885 hanc
1339 843 1395 903 per
1422 845 1457 887 se

18 903 20 964 ἓ
107 941 112 954 ι
181 911 437 984 consideraverit,
460 913 636 989 bipartitum
654 911 724 971 illud
749 914 938 972 enuntiatum
960 913 1050 972 finale
1074 930 1142 972 cum
1158 910 1253 971 verbo
1272 917 1399 988 regente
1416 915 1457 973 ita

181 1001 377 1076 conjunctum
401 1000 567 1075 putaverit,
590 1002 625 1057 ut
648 998 758 1076 duplex
782 983 823 1059 sit
845 1000 994 1074 euangelii
1010 997 1177 1076 praedicati
1198 998 1282 1070 linis,
1306 998 1402 1058 altera
1418 1017 1455 1060 ex

145 1087 148 1093 '
179 1092 267 1164 parte
296 1089 329 1144 ut
356 1103 428 1145 caro
454 1081 570 1161 judicio
597 1084 752 1156 tradatur,
782 1084 877 1144 altera
905 1091 939 1144 ut
961 1087 1022 1144 uita
1046 1103 1062 1144 e
1086 1086 1196 1160 spiritu
1220 1090 1366 1143 renovata
1390 1086 1454 1146 Deo

139 1195 141 1212 ι
182 1170 349 1233 dedicetur.
396 1170 519 1230 Summa
548 1187 616 1230 cum
645 1170 799 1247 diligentia
830 1188 868 1230 ne
893 1170 990 1232 dicam
1014 1170 1164 1248 elegantia
1190 1169 1281 1229 verha
1312 1172 1353 1230 ita
1385 1180 1457 1232 sunt

182 1263 243 1318 tam
264 1257 381 1318 delecta
399 1274 489 1334 quarn
504 1257 664 1327 collocata,
690 1262 724 1316 ut
739 1255 858 1332 singula
876 1257 1004 1332 singulis
1023 1255 1202 1316 adverbum
1222 1256 1457 1332 responderent.

181 1344 245 1404 lloc
268 1343 369 1404 locum
392 1359 453 1402 nou
476 1343 569 1404 hahet
590 1346 649 1407 uisi
672 1342 725 1403 ubi
746 1345 812 1419 pari
835 1334 922 1420 quasi
951 1343 1086 1420 pondere
1111 1347 1236 1402 utantur
1262 1334 1398 1402 membra
1426 1351 1458 1404 et

181 1429 275 1490 altera
295 1431 380 1505 juxta
406 1428 531 1488 alteram
555 1434 687 1505 ponatur
715 1431 882 1502 sententia,
913 1447 973 1488 non
1001 1436 1103 1489 autem
1126 1430 1222 1505 priori
1246 1429 1455 1505 subjungatur.

91 1577 97 1588 ,
180 1511 342 1593 Temporis
366 1517 445 1575 enim
470 1515 677 1575 diversitatem
702 1516 825 1575 omniuo
849 1515 923 1575 nihil
942 1516 1081 1588 efficere,
1104 1515 1186 1583 ultro
1206 1532 1314 1574 omnes
1330 1531 1455 1576 eonces-

181 1602 288 1664 serint.
333 1601 469 1662 Alterum
493 1599 574 1678 quod
599 1601 757 1677 evaugelio
779 1600 954 1678 praedicato
978 1601 1112 1661 efficitur
1132 1599 1326 1677 praeterire²
1348 1605 1456 1663 statui·

180 1693 243 1759 tur,
262 1705 354 1764 quum
372 1688 501 1747 alterum
519 1693 640 1746 maneat
654 1705 755 1763 neque
774 1705 906 1764 uuquam
919 1689 1146 1748 intermittatur.
1170 1687 1339 1764 Utrumque
1352 1693 1455 1748 autem
1527 1701 1528 1704 ’

181 1775 251 1835 fluis
274 1775 398 1834 notione
421 1775 572 1833 contineri
595 1772 707 1832 clarius
723 1775 815 1834 etiam
834 1772 999 1843 iudicatur,
1023 1791 1115 1849 quum
1137 1771 1297 1832 antecedat
1319 1772 1391 1833 illud
1415 1773 1456 1842 εἷς

181 1861 272 1920 τοῦτο
295 1861 384 1937 quasi
407 1876 504 1937 genus
528 1859 718 1937 significans,
742 1862 829 1937 eujus
852 1864 956 1935 partes
980 1858 1090 1918 deinde
1112 1857 1271 1936 particulis
1294 1857 1349 1934 μέν
1365 1893 1408 1904 -
1422 1857 1460 1940 δέΙ

181 1951 322 2006 accurate
346 1945 582 2022 distinguantur.
628 1949 716 2005 Amat
737 1946 833 2005 ferme
856 1945 968 2006 Petrus
991 1948 1022 2005 in
1046 1945 1126 2005 binis
1149 1943 1296 2016 memhris
1320 1944 1456 2008 adhunc

182 2031 305 2092 modum
322 2031 474 2093 distinctis
492 2033 636 2092 notiones
650 2049 813 2108 exponere.
838 2031 881 2091 lta
894 2049 987 2108 supra
1008 2032 1044 2109 (1,
1063 2031 1109 2092 19.
1124 2026 1177 2108 20)
1195 2023 1236 2100 ὡς
1254 2026 1354 2106 ἀμνοῦ
1371 2027 1458 2108 ἀμώ-

180 2139 241 2195 μου
259 2151 301 2162 --
317 2153 357 2162 -—
381 2114 632 2197 προεγνωσμένου
654 2116 711 2192 μὲν
734 2114 792 2195 πρὸ
817 2119 993 2197 καταβολῆς
1013 2111 1146 2194 κόσμον,
1171 2114 1408 2196 φανερωθέντος
1422 2115 1456 2178 δὲ

172 2199 229 2264 ‘ha'
261 2199 393 2281 ἐσχάτου
421 2206 483 2263 τῶν
503 2199 625 2284 χρόνων
648 2207 679 2263 et
698 2202 739 2276 ll,
764 2207 797 2264 4:
821 2199 898 2284 πρὸς
920 2198 955 2263 ὃν
978 2197 1211 2282 προςιρχόιιινοι
1235 2201 1327 2262 λίθον
1343 2200 1456 2277 ζῶντα,

178 2283 238 2349 ὑπὸ
262 2285 440 2368 ἀνθρώπων
454 2286 512 2365 μέν
527 2285 864 2366 ἀποδεδοκιμασμένον,
882 2286 966 2367 παρὰ
989 2287 1022 2348 δὲ
1038 2291 1103 2370 θεῷ
1118 2283 1258 2348 ἐκλεκτόν
1280 2289 1331 2347 eir.
1344 2288 1391 2361 lV,
1407 2293 1455 2352 14.

181 2374 294 2436 Contra
318 2393 355 2436 ex
378 2376 445 2436 loeo
470 2393 563 2452 snpra
586 2377 678 2437 uitato
702 2378 848 2452 cognosci
871 2376 954 2447 licet,
980 2393 1049 2434 eum
1069 2373 1156 2434 malle
1176 2373 1368 2449 subjunctam
1385 2393 1454 2436 sen-

179 2464 305 2522 tentiam
329 2462 495 2539 subjuncto
518 2463 609 2522 etiam
633 2463 790 2521 enuntiato
820 2461 995 2539 proferre.³
1038 2459 1119 2520 Nihil
1148 2477 1223 2522 vero
1254 2458 1454 2527 dubitationis

109 2541 111 2550 ‘
177 2547 301 2624 videtur
330 2549 477 2624 relinqui,
509 2548 559 2607 uhi
587 2548 773 2608 attendimus
804 2547 840 2606 ad
869 2565 904 2608 ea
933 2563 1011 2624 quae
1039 2545 1222 2606 antecedunt
1250 2545 1386 2606 membra
1410 2548 1454 2608 hi-

177 2635 303 2712 partita:
329 2632 528 2704 θανατωθεὶς
549 2631 605 2709 μὲν
628 2632 721 2712 σαρκί
728 2678 735 2704 ,
760 2631 961 2712 ζωοποιηθεὶς
982 2629 1015 2692 δι’
1037 2628 1185 2708 πνεύματι
1209 2649 1339 2708 quorum
1361 2632 1397 2692 ad
1416 2636 1457 2693 si·-

180 2719 379 2790 mllltudinem
402 2725 463 2780 tam
488 2721 641 2780 sententia
664 2724 771 2786 nostra
793 2738 882 2796 quam
905 2718 999 2780 verba
1018 2723 1090 2778 suut
1109 2719 1304 2778 conformata.
1349 2718 1455 2793 Quod

179 2805 337 2866 Christo
368 2806 560 2867 acciderit
587 2805 681 2866 idem
709 2811 750 2866 ut
768 2807 840 2881 jam
863 2809 900 2866 in
926 2803 1095 2865 omnihus
1119 2805 1180 2881 qui
1204 2804 1346 2865 salutis
1370 2808 1453 2883 ejus

177 2895 388 2970 participes
412 2893 503 2951 lieri
526 2891 646 2952 velint
669 2891 893 2963 efficiatur,
917 2894 1035 2952 linem
1060 2908 1149 2957 esse
1168 2889 1354 2968 evangelii
1374 2891 1456 2950 uhi-

178 2994 329 3056 cunque
363 2977 633 3055 praedicetur,
669 2977 745 3038 hacc
779 2978 900 3039 videtur
933 2978 1086 3038 sententia
1118 2993 1227 3036 versus
1255 2979 1336 3037 sexti·
1361 2995 1453 3054 quana

177 3064 315 3142 postulat
340 3069 510 3125 contextus
554 3063 675 3123 Rursus
699 3065 779 3123 euim
801 3064 859 3125 hoe
882 3066 949 3125 loco
973 3065 1077 3124 offerri
1101 3061 1238 3122 uidemus
1262 3063 1341 3124 illam
1365 3067 1454 3140 quasi

177 3149 277 3228 legem
299 3153 387 3227 regni
405 3150 516 3210 Christi
539 3167 595 3226 per
611 3154 704 3210 totam
723 3150 884 3227 epistolam
899 3151 1074 3229 repetitam:
1099 3148 1209 3216 nullam
1229 3151 1259 3207 in
1277 3149 1399 3210 Christo
1422 3157 1454 3210 et

177 3252 233 3312 per
258 3237 412 3298 Christum
432 3237 525 3298 vitam
548 3235 737 3312 gloriamque
761 3254 831 3298 esse
854 3239 911 3298 uisi
940 3237 1143 3296 antecesserit
1169 3235 1270 3295 earnis
1298 3237 1459 3298 cruciatus

179 3326 209 3382 et
231 3340 329 3394 mors,
361 3324 450 3401 quasi
478 3321 608 3383 dixeris:
638 3339 695 3399 per
720 3338 840 3384 erucem
863 3322 900 3383 ad
929 3324 1035 3384 lucem.
1084 3322 1178 3395 Quem
1205 3319 1329 3396 quidem
1353 3323 1454 3398 ipsum

61 3387 64 3398 ¹
176 3409 328 3485 evangelii
349 3408 385 3469 de
409 3408 532 3468 Christo
557 3407 752 3485 praedicandi
774 3411 866 3470 finem
887 3425 957 3470 esse
980 3408 1038 3469 hoc
1065 3408 1132 3467 lnco
1162 3406 1277 3466 diserte
1301 3406 1457 3468 indicatur

176 3492 268 3572 idque
284 3494 394 3572 duplici
412 3495 524 3554 effectu
545 3499 606 3554 tam
622 3499 764 3554 accurate
787 3495 947 3568 distincto,
970 3500 1005 3555 ut
1027 3499 1167 3554 nostrum
1191 3493 1289 3568 locum
1314 3511 1375 3553 uon
1398 3493 1451 3553 du·
1505 3515 1506 3520 ¹

175 3579 307 3641 hitemus
331 3597 478 3639 summam
503 3579 603 3640 dicere
628 3587 658 3640 et
681 3584 771 3656 quasi
793 3577 937 3642 cacumen
961 3599 1031 3641 esse
1053 3581 1149 3640 totius
1173 3577 1355 3654 epistolae.⁴
1455 3657 1458 3662 Ι

249 3767 269 3817 l.
289 3762 356 3825 Quid
377 3763 446 3830 quod
465 3769 583 3816 oratores
602 3769 688 3814 aurant
706 3766 741 3815 ita
759 3766 845 3833 loqui,
865 3767 973 3817 maxime
992 3765 1119 3816 isocrates
1139 3765 1183 3817 cir.
1199 3765 1320 3817 Matthiae
1340 3763 1451 3821 Cramm.

177 3850 202 3901 p.
221 3834 287 3887 1186
309 3847 347 3898 sq.
373 3831 522 3898 Bernhardy
546 3834 794 3897 wissenschastlicle
811 3838 915 3902 ὅρκιον
937 3851 963 3901 p.
982 3835 1039 3886 186.
1077 3833 1126 3894 Qui
1150 3848 1182 3885 ex
1204 3850 1273 3885 novo
1297 3839 1452 3888 testamento
1564 3825 1567 3834 '

176 3901 264 3954 allerri
282 3903 369 3954 solent
387 3902 439 3952 loci
459 3901 534 3964 (Joh.
552 3899 604 3959 XV,
621 3904 661 3955 16.
686 3901 758 3953 Rom.
770 3901 816 3962 lV,
834 3907 874 3956 17.
893 3903 954 3955 Luc.
971 3902 1007 3961 x,
1023 3905 1062 3955 21.
1082 3902 1155 3953 hitth.
1171 3902 1200 3965 V,
1212 3905 1258 3966 16)
1280 3903 1300 3963 ii
1320 3901 1351 3954 ad
1373 3919 1453 3955 unum

175 3985 268 4035 omncs
282 3969 349 4022 alitis
365 3977 426 4022 sunt
436 3971 550 4038 generis.
574 3970 672 4039 ltlajore
686 3986 744 4021 cum
757 3973 875 4023 veritatis
892 3972 980 4038 specie
993 3973 1078 4037 potnit
1090 3973 1115 4022 iu
1132 3972 1351 4038 comparationem
1364 3975 1454 4024 vocari

177 4039 349 4102 Joh.ix‚3s:
374 4039 420 4091 sed
446 4053 477 4090 ne
503 4039 545 4090 hic
568 4037 673 4105 quidem
697 4040 772 4090 locus
794 4041 829 4090 ita
855 4039 1041 4107 intelligendus
1065 4045 1118 4100 est,
1143 4045 1172 4091 ut
1189 4041 1334 4106 posteriore
1354 4047 1453 4094 tantum

177 4108 294 4159 membro
314 4110 478 4160 contineatur
495 4106 563 4160 istud
582 4107 667 4178 κρίμα
687 4107 795 4170 Christi,
814 4109 859 4160 sed
879 4111 965 4176 priore
984 4110 1073 4166 simul.
1093 4110 1130 4160 uti
1148 4110 1205 4175 ipse
1224 4109 1260 4177 lle
1277 4109 1362 4161 Wette
1381 4105 1454 4162 recte

176 4179 310 4298 perspexit
333 4178 420 4230 locum
446 4178 553 4238 ‚‚beides
572 4178 612 4228 als
632 4180 673 4228 ein
695 4177 798 4230 Gericlrt
816 4209 848 4216 —-
868 4181 927 4233 cdd.
948 4182 1004 4230 eine
1024 4179 1170 4245 Scheidunp
1188 4179 1365 4245 darpestcllt.“
1393 4180 1452 4231 hut-

195 4245 264 4297 ardt:
284 4249 350 4309 ,‚das
371 4249 475 4299 Cerielrt
493 4247 533 4296 uls
553 4245 702 4298 Resultar.“
1010 4259 1014 4265 ⁴
1449 4275 1452 4280 ·

244 4335 268 4384 2.
288 4333 344 4384 Non
363 4337 450 4384 autem
475 4331 675 4397 „praeterisse“
694 4333 730 4385 uti
749 4333 785 4384 lle
804 4333 890 4385 Wette
909 4333 972 4386 vult.
1009 4333 1058 4385 Clr.
1078 4347 1144 4399 quae
1163 4338 1233 4384 recte
1253 4339 1420 4400 opponuntur
1438 4341 1455 4388 ε’

105 4468 107 4480 ¹
176 4399 339 4468 Wiesingero
357 4418 383 4469 p.
395 4402 455 4455 275.
491 4401 582 4451 Wiuer
600 4398 712 4474 Cramm.
732 4399 772 4456 ed.
785 4400 816 4452 Vl
836 4419 859 4468 p.
873 4406 921 4456 257
936 4418 975 4470 sq.

245 4489 269 4540 3.
282 4482 325 4542 Ὃς
341 4481 391 4543 τὰς
408 4481 544 4558 ἁμαρτίας
561 4479 640 4554 ἡμῶν
657 4479 736 4542 αὐτὸς
754 4479 907 4556 ἀνήνεγκεν
924 4481 957 4540 ἐν
974 4489 1012 4560 τῷ
1030 4482 1137 4557 σώματι
1155 4481 1237 4539 αὑτοῦ
1253 4483 1300 4540 ἐπὶ
1318 4480 1349 4540 τὸ
1361 4481 1453 4554 ξύλον,

178 4551 234 4605 ἵνα
252 4557 327 4610 ταῖς
344 4550 536 4627 ἁμαρτίαις
553 4548 814 4625 ἀπογενόμενοι
832 4556 866 4628 τῇ
886 4552 1050 4628 δικαιοσύνῃ
1069 4549 1235 4628 ζήσωμεν.

244 4642 268 4692 4.
294 4639 339 4690 Cui
362 4642 480 4706 opinioni
504 4655 580 4706 quam
607 4641 716 4692 maxime
741 4635 877 4704 conuenit,
902 4642 971 4710 quod
996 4657 1062 4716 quae
1087 4649 1232 4710 sequuntur
1250 4643 1334 4710 capite
1358 4648 1449 4710 quarto

151 4717 155 4724 ’
176 4710 278 4776 (quinto
298 4708 366 4759 enim
386 4709 455 4760 illum
476 4710 601 4761 orationis
622 4725 672 4761 nnn
691 4711 824 4784 contipuat
838 4710 884 4764 sed
897 4712 999 4780 singula
1012 4718 1151 4780 praecepta
1163 4711 1282 4779 adjungit
1293 4712 1453 4780 apostolus).

1233 4817 1248 4865 l
