3516 5360
284 375 324 434 44
722 371 725 377 '
799 374 968 444 lPrrrn.111,
985 375 1034 432 21.

286 541 414 600 meretur,
433 551 492 589 cum
511 538 571 603 quia
589 542 727 606 autequam
753 537 784 590 ad
808 539 894 592 lucem
918 539 1102 606 hujusmundi
1120 539 1196 592 etad
1214 554 1276 591 suos
1295 539 1439 594 visitandos
1458 539 1560 594 redibat

284 609 351 658 inter
370 607 468 657 inferos
486 608 573 672 egisse
589 606 699 669 videtur,
718 615 772 658 tum
787 608 847 673 qula
867 613 921 659 toto
941 609 991 660 hoc
1010 608 1070 660 loco
1089 607 1121 659 de
1137 607 1344 660 adversariorum
1357 611 1384 660 in
1399 609 1560 664 Christianos

239 675 241 684 ’
283 675 407 727 violentia
427 674 537 726 maxime
556 690 642 727 sermo
662 682 710 729 est.
739 675 806 737 Quid
825 691 887 728 vero
907 679 1073 730 necessitatis
1093 679 1161 729 inter
1179 678 1385 730 Christianorum
1403 680 1559 744 salutemet

284 745 377 796 dnristi
398 741 616 796 resurrectionem
635 745 793 806 intercedat,
812 747 860 796 snb
882 745 960 796 linem
979 747 1056 811 hujus
1074 761 1166 800 versus
1184 746 1316 813 significat
1339 750 1449 815 repetita
1472 763 1559 800 ussaw

283 814 408 865 rectionis
426 813 566 864 mentione.
603 813 675 865 Nunc
694 829 708 864 a
728 814 834 866 Noacho
852 831 883 866 ex
904 817 968 882 ipsis
986 815 1039 867 iliis
1057 815 1134 868 undis
1159 818 1185 868 in
1210 818 1306 883 quibus
1325 818 1420 884 reliqui
1437 817 1559 884 peribant

283 883 356 934 salvo
375 882 501 949 praestito
521 883 657 934 transitum
671 883 822 950 sibi=parat
846 881 878 932 Ὃ
894 885 961 950 (scil.
981 883 1065 954 ὕδωρ)
1080 885 1129 948 nal
1143 882 1213 956 ὑμᾶς
1231 887 1277 949 (ita
1296 885 1399 938 videtur
1418 887 1506 954 potius
1522 887 1558 937 le·

286 951 410 1019 gendum)
431 947 580 1000 ἀντίτυπον
598 951 649 1001 νῦν
666 946 747 1011 σώζει
764 945 906 1022 βάπτισμα
924 949 955 1003 οὐ
972 947 1074 1023 σαρκὸς
1092 947 1228 1010 ἀπόθεσις
1246 950 1332 1023 ῥύπου
1350 948 1417 1005 ἀλλὰ
1436 947 1560 1022 consede}-
1606 999 1614 1006 .

286 1037 356 1076 σεως
374 1015 483 1088 ἀγαθῆς
501 1013 664 1090 ἐπερώτημα
682 1017 722 1076 εἰς
740 1015 823 1082 θεὸν,
843 1017 884 1071 dc'
904 1017 1081 1081 ἀναστάσεως
1098 1018 1184 1089 Ἰησοῦ
1203 1021 1350 1092 Χριστοῦ,
1363 1024 1496 1076 Particula
1513 1023 1560 1073 καί

285 1088 397 1140 efficitur
417 1093 445 1139 ut
463 1088 495 1139 de
513 1089 631 1140 salvandi
650 1089 674 1140 vi
694 1090 719 1140 in
739 1089 829 1142 diluvii
849 1089 925 1142 undis
944 1091 1021 1142 simul
1040 1093 1182 1158 conspicua
1202 1093 1357 1158 cogitemus.
1381 1093 1467 1160 Atque
1483 1084 1560 1144 facile
1603 1107 1607 1118 ¹

284 1157 438 1224 intelligitur
456 1157 590 1209 Noachum
609 1164 740 1210 seruatum
759 1174 818 1212 esse
837 1175 919 1226 aquae
945 1175 997 1210 non
1017 1161 1102 1212 minus
1129 1176 1206 1227 qnam
1230 1175 1306 1213 arcae
1331 1177 1389 1228 ope.
1429 1162 1561 1228 lle'pote-
1654 1223 1656 1228 Ι

284 1232 351 1278 state
370 1227 444 1278 vocis
463 1221 610 1283 ἀντίτυπος
628 1229 674 1278 cir.
694 1229 896 1294 Wiesingerum.
928 1222 1017 1288 Σώζει
1035 1244 1161 1295 praesens
1179 1229 1257 1282 docet
1274 1246 1326 1280 non
1344 1239 1397 1282 tam
1416 1229 1480 1297 qnid
1499 1231 1560 1297 bap·

286 1297 362 1348 tismo
382 1297 407 1346 in
428 1294 579 1347 Christianis
599 1295 721 1348 effectum
739 1298 773 1348 sit
791 1313 871 1364 quum
890 1298 1097 1364 inungebantur,
1120 1314 1198 1366 quam
1217 1298 1280 1367 quid
1292 1307 1429 1366 'competat
1446 1301 1493 1360 iis,
1517 1300 1561 1366 qui

285 1365 443 1430 baptismum
461 1364 486 1415 io
505 1378 533 1415 se
552 1367 712 1432 receperint,
732 1381 824 1432 nempe
840 1367 912 1418 salus
931 1365 1016 1418 medio
1035 1368 1060 1417 in
1081 1366 1169 1419 mundi
1183 1369 1298 1433 judicio,
1317 1371 1415 1436 quippe
1433 1363 1505 1435 quod
1523 1371 1560 1418 in-

212 1491 217 1502 ,
285 1439 366 1486 staret
385 1436 439 1499 jam
458 1431 523 1497 (iv,
541 1437 565 1486 5.
586 1437 617 1497 7)
642 1436 668 1485 in
687 1433 786 1486 diluuio
806 1436 880 1501 quasi
898 1436 1110 1502 praeformatum.
1147 1436 1306 1500 (Hoimanm
1327 1439 1431 1499 „Nicia
1448 1456 1502 1488 ιοατ
1520 1438 1562 1488 die

289 1504 370 1572 Τροία
387 1503 477 1563 scirit,
496 1504 581 1553 indam
599 1507 637 1554 sie
653 1506 799 1571 geschicht,
818 1507 930 1556 scudem
948 1523 1001 1556 roas
1020 1509 1067 1556 sie
1085 1507 1154 1558 dem
1172 1509 1300 1568 laistei,
1323 1507 1432 1561 welches
1456 1509 1495 1557 sie
1513 1507 1560 1558 hat

283 1591 320 1624 art
333 1572 389 1622 sich
403 1572 544 1638 peccamen
557 1574 658 1634 dassen,
672 1583 732 1640 sapt
743 1575 789 1624 der
800 1575 935 1640 Apostel.“
955 1573 971 1624 l.
982 1575 997 1624 i.
1013 1589 1036 1640 p.
1049 1576 1117 1636 163.)
1144 1573 1205 1625 inde
1217 1577 1273 1640 jam
1290 1591 1341 1627 non
1355 1575 1484 1626 immerito
1498 1590 1560 1626 con-

285 1639 411 1700 cluditur,
429 1640 479 1691 hoc
497 1638 557 1691 loco
577 1657 629 1692 non
649 1640 680 1692 de
699 1641 774 1707 culpa
794 1644 895 1708 peccati
914 1643 939 1694 in
955 1642 1083 1708 baptismo
1102 1643 1202 1694 sublata
1218 1645 1260 1710 agi
1279 1668 1310 1682 -a
1331 1661 1389 1694 nam
1408 1659 1485 1709 quam
1497 1643 1558 1694 Hos·

285 1723 394 1760 mannus
407 1709 433 1769 (l.
445 1709 472 1771 l.)
487 1707 616 1762 immiscet
630 1715 713 1762 terrae
730 1727 744 1762 a
763 1713 878 1777 peccatis
898 1712 1031 1762 hominum
1044 1713 1118 1777 quasi
1130 1719 1256 1778 purgatae
1270 1714 1416 1773 notionem,
1430 1727 1460 1764 ea
1473 1712 1557 1764 aliena
1588 1745 1590 1749 -

284 1783 325 1829 est
343 1778 374 1828 ab
394 1776 507 1844 apostoli
525 1778 612 1831 verbis
631 1808 662 1816 -
682 1778 728 1830 sed
748 1779 782 1846 de
797 1779 840 1830 ilia
858 1780 1030 1847 regenerandi
1045 1783 1070 1831 vi
1090 1797 1157 1847 quas
1170 1783 1195 1832 in
1210 1784 1261 1833 vita
1274 1787 1380 1834 aeterna
1391 1783 1496 1848 penitus
1513 1780 1558 1833 de·

285 1849 363 1913 nique
383 1845 501 1897 intranda
520 1849 663 1914 conspicui
682 1855 730 1900 est.
759 1847 786 1898 id
805 1848 875 1916 quod
894 1851 1012 1916 sequitur·
1030 1865 1090 1902 cum
1109 1865 1141 1902 ex
1159 1851 1239 1903 totius
1254 1852 1380 1918 epistolae
1396 1858 1450 1902 tum
1466 1851 1559 1902 horum

283 1931 407 1968 uersuum
425 1917 534 1967 ratione.
706 1911 729 1950 '⁰
1079 1968 1081 1976 ,
1451 1931 1454 1942 ’

353 1984 392 2035 Ad
410 1985 509 2050 reliqua
526 1991 597 2036 recte
616 1986 770 2052 explicanda
789 1986 928 2055 plurimum
947 1988 1009 2039 iacit
1029 1988 1098 2039 istud
1122 1984 1164 2038 δι’
1190 1983 1368 2046 ἀναστάσεως
1385 1986 1472 2057 Ἰησοῦ
1490 1989 1560 2058 Χρι-

284 2053 349 2103 στοῦ
366 2054 414 2105 sub
431 2051 510 2104 finem
528 2053 651 2119 additum.
677 2055 815 2116 Quaeritur
833 2071 884 2122 quo
903 2059 938 2108 sit
955 2056 1133 2117 referendum,
1151 2056 1183 2108 ad
1202 2052 1282 2117 σώζει
1301 2073 1333 2130 au
1353 2058 1384 2109 ad
1404 2073 1433 2110 ea
1452 2059 1560 2125 quibus·
1581 2111 1582 2114 ,

195 2143 198 2150 ·
284 2137 343 2173 cum
363 2123 480 2189 proxime
508 2123 632 2174 cohaeret
650 2118 814 2195 ἐπερώτημα
833 2123 873 2179 εἰς
891 2118 966 2175 θεὸν.
997 2126 1033 2176 Er
1053 2127 1173 2193 baptismi
1192 2127 1298 2178 notione
1316 2129 1361 2192 qui
1381 2143 1434 2178 rem
1449 2127 1560 2192 judicat,

283 2191 359 2242 facile
384 2207 416 2244 eo
435 2192 550 2243 animum
575 2191 711 2246 adduxerit
732 2199 759 2245 ut
779 2193 943 2261 jungendum
970 2203 1076 2246 censeat
1100 2191 1232 2256 σώζει-
1251 2191 1292 2244 δι’
1316 2190 1506 2258 ἀναστάσεως,
1529 2196 1557 2248 id

282 2260 352 2340 quod
371 2260 469 2326 optimc
488 2261 520 2310 iis
539 2263 681 2329 respondet
699 2277 765 2329 quae
785 2263 859 2315 initio
879 2263 1006 2344 epistolae
1021 2265 1118 2346 scripta
1132 2264 1250 2344 legimus
1260 2264 1344 2343 (l‚,3l:
1365 2261 1423 2314 i-
1440 2261 1557 2334 ἀναγεν-

283 2345 369 2397 νησας
391 2325 463 2398 ἡμᾶς
481 2326 521 2386 εἰς
538 2322 637 2381 ἐλπίδα
656 2332 748 2391 ζώσαν
768 2329 808 2382 δι’
828 2328 1004 2387 ἀναστασεως
1025 2331 1107 2399 [ησοῦ
1127 2331 1252 2401 Χριστου
1270 2348 1301 2382 εκ
1320 2335 1434 2403 νεκρών.
1466 2333 1557 2401 Neque
1645 2341 1651 2350 “

282 2399 468 2451 sententiarum
487 2400 566 2450 nexui
584 2401 678 2452 melius
697 2402 800 2454 consuli
818 2416 896 2470 posse
915 2399 1029 2462 videtur,
1054 2416 1131 2468 quam
1149 2417 1229 2468 quum
1248 2403 1329 2454 verbo
1355 2405 1482 2455 enuntiati
1504 2405 1558 2470 pri·

282 2469 363 2518 mario
382 2481 411 2518 ea
432 2467 504 2518 notio
524 2466 677 2530 adstruitur,
701 2483 751 2536 qua
771 2471 847 2537 quasi
868 2470 1014 2522 arctissimo
1041 2470 1145 2522 viuculo
1170 2471 1249 2522 verba
1272 2478 1360 2523 nostra
1385 2477 1558 2524 annectantur

254 2543 263 2549 “
284 2537 423 2604 participio
442 2536 481 2587 illi
499 2537 689 2605 ζωοποιηθεὶς.
718 2538 770 2592 Sed
786 2545 873 2591 tamen
893 2539 993 2600 obstat,
1012 2539 1062 2591 nisi
1082 2539 1171 2599 failor,
1190 2541 1318 2592 enuntiati
1336 2541 1420 2607 ipsius
1433 2542 1500 2592 ratio
1512 2555 1558 2592 ne·

185 2633 192 2642 ·
281 2619 382 2672 aruaque
399 2621 458 2658 cum
470 2608 588 2673 proxime
599 2607 822 2661 antecedentibus.
847 2607 962 2660 Primum
972 2607 1042 2662 istud
1052 2602 1133 2669 σώζει
1143 2623 1202 2660 cum
1213 2623 1243 2660 ea
1255 2623 1322 2676 quae
1332 2609 1464 2661 antecedit
1473 2623 1557 2690 aquae

282 2674 451 2728 similitudine
467 2676 502 2726 ita
515 2675 650 2738 cohaeret,
665 2683 693 2728 ut
713 2679 777 2729 haec
788 2677 887 2730 turbari
903 2693 1012 2746 prorsus
1023 2676 1141 2730 videatur
1153 2679 1176 2730 si
1191 2673 1331 2748 ἀντιτύπῳ
1344 2680 1389 2745 qui
1401 2679 1496 2731 dicitur
1510 2694 1558 2730 nn-

282 2745 453 2804 misceamus,
469 2744 544 2808 cujus
559 2746 643 2797 simile
655 2747 681 2796 in
697 2743 773 2817 τῦπιρ
786 2749 892 2798 omnino
906 2763 957 2798 non
971 2752 1011 2799 est
1022 2748 1201 2813 conspicuum.
1226 2745 1298 2808 Quae
1311 2754 1494 2814 comparantur
1504 2745 1558 2798 duo

283 2813 392 2864 maxime
413 2819 485 2874 sunt,
504 2827 588 2878 aquae
607 2816 679 2866 notio
704 2819 730 2866 et
754 2830 783 2866 ea
808 2829 875 2882 quae
896 2817 983 2868 inesse
1009 2814 1104 2868 dicitur
1122 2814 1240 2868 salvandi
1263 2819 1310 2868 vis.
1347 2815 1558 2869 Resurrectionis

281 2881 375 2933 Ghristi
395 2883 493 2934 mentio
511 2882 537 2932 in
557 2884 752 2951 comparatione
772 2899 824 2936 non
848 2884 927 2936 habet
949 2885 1043 2936 locum.
1085 2885 1164 2936 lnrmo
1190 2883 1337 2937 addendum
1361 2891 1417 2937 erat
1439 2886 1488 2948 ibi,
1511 2886 1557 2938 ubi

277 2952 346 3015 jam,
366 2966 432 3018 quae
450 2952 573 3018 baptismi
590 2953 695 3020 propria
715 2953 786 3004 notio
806 2957 832 3004 et
849 2954 889 3004 vis
908 2960 979 3006 esset
993 2954 1217 3020 aqnaesimplicis
1230 2952 1365 3008 dissimilis
1378 2956 1559 3022 potiusquam

280 3021 388 3081 similis,
406 3021 621 3103 subjungebatur.
651 3020 720 3073 idem
740 3020 842 3072 videtur
861 3036 892 3074 ex
910 3022 1085 3074 collocatione
1104 3024 1243 3074 verborum
1262 3025 1345 3090 sequi.
1373 3023 1401 3075 Si
1416 3038 1482 3091 quae
1497 3029 1559 3092 post

282 3089 361 3140 verba
380 3082 462 3150 σώζει
479 3095 621 3160 βαπτισμα
640 3091 841 3157 interponuntur
859 3091 1024 3158 parenthesis
1042 3092 1099 3142 vice
1118 3091 1302 3158 fungerentur,
1325 3091 1384 3144 ficri
1405 3099 1510 3160 posset,
1529 3098 1559 3144 ut

281 3157 329 3209 sub
350 3157 428 3209 finem
448 3174 539 3210 versus
559 3160 656 3222 majore
676 3161 753 3211 etiam
773 3174 832 3210 cum
850 3161 877 3210 vi
895 3158 1052 3211 adderentur
1070 3174 1137 3226 quac
1156 3159 1273 3212 adverbii
1296 3167 1453 3227 potestatem
1478 3161 1557 3213 habe·-

282 3232 347 3280 reut.
372 3226 425 3278 Sed
442 3228 581 3280 verborum
602 3229 815 3294 interpositorum
834 3229 898 3280 haec
917 3233 1006 3296 aperte
1026 3229 1091 3279 ratio
1111 3235 1162 3289 est,
1180 3235 1210 3280 ut
1227 3229 1336 3282 alterum
1356 3231 1431 3282 alteri
1449 3231 1558 3296 snbjun-

282 3303 371 3362 gutur,
390 3298 458 3348 etsi
482 3298 646 3364 parenthesis
664 3296 791 3363 quaedam
815 3296 952 3349 statuenda
975 3299 1009 3349 sit
1033 3298 1102 3349 hunc
1126 3297 1212 3349 locum
1236 3298 1323 3365 priora
1348 3300 1426 3351 verba
1451 3305 1558 3354 teneant

281 3361 312 3416 nai
320 3359 421 3436 σαρκὸς
431 3362 568 3422 ἀπόθεσις
577 3360 672 3434 ῥύπου,
688 3361 755 3416 ἀλλά
761 3394 803 3427 -,
818 3380 885 3433 quac
896 3367 1041 3432 respiciunt
1050 3365 1082 3417 ad
1093 3381 1175 3432 aquae
1185 3367 1313 3433 simplicis
1323 3375 1449 3430 naturam,
1460 3370 1557 3436 qnippe

280 3433 355 3499 cujus
374 3437 506 3487 mentione
525 3435 661 3486 transitum
680 3434 731 3484 sibi
749 3435 857 3500 paravit.
893 3434 1002 3486 Accedit
1020 3433 1090 3501 quod
1108 3427 1190 3494 σώζει
1208 3436 1281 3487 verbi
1300 3437 1414 3505 itemque
1433 3435 1556 3506 baptismi

281 3503 351 3554 notio
371 3503 435 3555 nihil
453 3520 505 3570 quo
525 3503 670 3569 explicetur
689 3502 831 3565 desiderat;
851 3503 955 3571 plurimi
974 3510 1060 3554 autem
1076 3505 1185 3556 interest
1205 3510 1232 3556 ut
1249 3505 1404 3568 habeamus,
1423 3507 1491 3559 unde
1509 3507 1555 3558 ob·

280 3572 431 3624 scurissima
451 3575 494 3625 iliu
515 3573 587 3622 notio
607 3564 771 3652 ἐπερώτημα
786 3570 848 3638 quid
860 3573 924 3624 velit
933 3572 1103 3640 intelligatur.
1132 3572 1209 3634 ilinc,
1229 3573 1253 3624 id
1265 3575 1556 3644 quodlocusqnemte-

189 3667 193 3670 ·
277 3647 344 3694 nent
361 3641 440 3692 verba
460 3637 503 3692 δι’
522 3637 699 3695 inaccessos
708 3635 794 3707 Ἰησοῦ
805 3641 930 3710 Χριστοῦ
948 3642 1008 3694 hnic
1026 3643 1127 3694 notioni
1139 3644 1285 3710 proximum
1299 3645 1432 3710 postulare
1445 3643 1556 3706 videtur,

282 3725 341 3762 cum
360 3704 524 3780 ἐπερώτημα
543 3723 573 3760 ea
586 3709 746 3827 conjungas.
781 3709 932 3777 Baptismus
951 3710 1044 3762 dicitur
1063 3705 1247 3778 συνειδήσεως
1265 3708 1374 3780 ἀγαθῆς
1391 3707 1556 3784 ἐπερώτημα

281 3773 321 3834 εἰς
339 3773 409 3829 θεὸν
428 3774 469 3828 δι’
488 3773 665 3833 ἀναστασεως
683 3773 769 3845 ἠσοῦ
787 3777 919 3848 Χριστοῦ.
958 3779 1081 3832 Primum
1096 3782 1274 3832 conscientiae
1294 3787 1380 3833 rectae
1400 3784 1496 3834 mentio
1516 3796 1555 3833 re·

280 3847 359 3913 spicit
376 3852 427 3898 tam
447 3846 478 3900 ad
501 3847 617 3913 proxime
637 3846 831 3910 antecedentia,
851 3863 930 3914 quum
950 3850 1079 3901 internum
1098 3850 1220 3916 baptismi
1234 3848 1355 3903 effectum
1368 3856 1506 3918 opponunt
1515 3849 1555 3902 iili

281 3915 350 3982 quod
375 3931 457 3982 aquae
481 3916 609 3982 simplicis
628 3931 678 3982 ope
702 3915 731 3966 iit
749 3918 867 3984 corporis
886 3918 993 3980 balneo,
1012 3917 1139 3986 quemad
1158 3933 1262 3969 uersum
1280 3923 1324 3981 ro,
1349 3919 1396 3976 ubi
1411 3935 1462 3986 qua
1483 3919 1554 3972 darn

280 3985 356 4036 atiani
382 3999 440 4036 sese
464 3985 561 4051 ubique
585 3989 717 4051 praestare
741 3984 865 4048 debeant,
890 3989 1052 4040 conscientia
1080 3987 1145 4038 recti
1174 3994 1404 4058 commemoratur,
1434 3989 1462 4040 id
1483 3987 1555 4056 quod

279 4054 419 4122 plurimum
438 4054 501 4105 lacit
518 4053 551 4105 ad
569 4053 756 4106 sententiarum
776 4071 870 4108 nexum
888 4062 959 4108 recte
977 4054 1197 4123 perspiciendum.
1226 4055 1361 4109 Summum
1379 4059 1404 4108 in
1424 4059 1554 4110 sententia

280 4123 367 4175 iocum
387 4128 476 4174 tenere
496 4123 563 4175 hanc
583 4122 718 4174 notionem
736 4124 812 4176 iacile
830 4126 1000 4191 cognoscitur
1018 4132 1070 4176 tarn
1089 4125 1255 4178 everborum
1269 4127 1458 4190 collocatione,
1476 4143 1555 4194 quam

280 4189 341 4242 inde
360 4189 430 4257 qnod
449 4192 475 4242 in
495 4207 525 4244 ea
544 4192 654 4244 maxime
679 4193 806 4255 cernitur,
827 4193 889 4261 quid
912 4192 1071 4246 discriminis
1089 4193 1124 4244 sit
1146 4194 1214 4245 inter
1237 4195 1359 4263 baptismi
1378 4201 1404 4247 et
1427 4196 1555 4264 simplicis

280 4273 363 4327 aquae
383 4275 466 4314 usum.
503 4261 569 4314 iiiuc
587 4260 690 4313 videtur
714 4263 761 4314 hac
781 4264 888 4315 notione
914 4278 972 4322 non,
1003 4276 1063 4314 osse
1082 4277 1134 4314 non
1153 4263 1296 4328 significari
1315 4262 1378 4331 qnid
1395 4265 1555 4332 praestiterit

279 4327 424 4396 baptismus
443 4330 476 4382 iis
495 4332 617 4398 quicum
637 4333 663 4381 in
682 4345 711 4383 se
729 4333 900 4399 recepissent.
937 4331 970 4384 Se
1008 4329 1122 4384 additum
1140 4329 1363 4395 videmussaliud,
1382 4334 1453 4400 quod
1471 4335 1554 4402 magis

280 4398 359 4450 etiam
379 4397 555 4466 explicatione
574 4405 647 4468 eget,
666 4393 830 4470 ἐπερώτημα
849 4396 890 4456 εἷς
906 4395 983 4452 θεόν.
1020 4400 1057 4452 ile
1076 4401 1117 4453 bis
1135 4401 1223 4454 verbis
1242 4408 1381 4470 antequam
1404 4401 1436 4454 de
1460 4403 1554 4470 geniti·

278 4468 318 4519 vis
337 4467 390 4538 illis
408 4468 595 4536 dignoscamus
614 4473 655 4522 est
672 4468 862 4536 inquirendum.
891 4469 1067 4537 Depotestate
1081 4469 1155 4522 vocis
1166 4462 1330 4540 ἐπερώτημα
1346 4486 1429 4538 nuper
1447 4487 1553 4533 aecura⁴

278 4535 378 4590 tissime
403 4536 562 4605 disputatum
586 4544 626 4591 est
645 4538 782 4602 (Besser
804 4539 832 4589 in
851 4539 1003 4602 Zeitschrt'ft
1025 4539 1070 4602 fiir
1089 4539 1314 4591 Proteslarrts'smus
1337 4558 1362 4590 α.
1382 4541 1478 4595 Kircbc
1501 4559 1550 4594 voss
1599 4567 1604 4578 ι

282 4607 432 4660 thomasius
448 4627 510 4662 usae.
530 4608 634 4670 XXXI,
654 4609 669 4660 5
688 4624 713 4675 p.
724 4609 773 4660 293
789 4610 862 4676 sqq.)
882 4608 916 4658 ita
935 4612 964 4658 ut
980 4621 1064 4674 pauca
1082 4608 1136 4660 iere
1155 4605 1273 4658 addenda
1290 4606 1435 4662 videantur.
1470 4607 1548 4663 Notio

279 4676 463 4744 „sponsionis“
482 4692 559 4746 quam
577 4677 768 4744 amplectuntur
786 4675 823 4728 Ite
841 4675 1114 4740 Wette·Brueclmer,
1132 4673 1231 4727 liutber
1249 4675 1293 4728 aiii
1313 4677 1373 4737 (cir.
1393 4683 1483 4731 contra
1500 4677 1550 4731 bos

279 4741 369 4799 Winer
387 4744 500 4802 Granum.
519 4746 559 4800 ed.
574 4745 608 4796 lli
625 4761 651 4813 p.
668 4745 742 4808 171),
760 4759 814 4798 non
831 4745 962 4798 invenitur
980 4746 1032 4798 nisi
1049 4743 1118 4814 apud
1129 4744 1197 4810 juris
1215 4746 1350 4798 consultos
1369 4749 1475 4801 serioris
1492 4747 1551 4800 aevi
