3516 5360
651 371 654 379 “
750 359 853 416 lPrrr.
872 357 921 424 Ill,
942 356 987 412 19.
1469 348 1510 412 25
1558 337 1563 349 ⁵

233 523 402 584 dicavisset
423 523 482 582 hoc
504 524 645 599 inprimis
672 522 834 584 dicendum
863 523 959 584 erat.¹
1005 520 1101 598 quue
1128 523 1186 582 fuit
1212 521 1294 598 quod
1321 521 1439 601 rectius
1468 517 1511 578 di-

235 612 375 670 rinarent
390 625 481 686 quam
495 608 734 685 comprobarent
752 614 784 670 et
800 607 1002 669 defenderent
1020 607 1168 668 doctores
1184 609 1284 668 nostri
1302 611 1426 668 ueteres
1442 621 1512 666 cum

235 694 274 756 de
295 694 523 772 praedicatione
545 693 621 754 reali
643 696 747 771 potius
770 712 861 772 quam
884 693 1000 754 verbali
1024 693 1173 754 hocloco
1201 695 1251 770 agi
1278 691 1511 754 contenderent.

234 781 272 841 Et
293 776 456 861 κηρύσσειν
471 797 527 856 per
543 797 578 840 se
594 797 668 840 sane
686 780 760 840 nihil
782 781 862 840 aliud
880 781 1055 856 significare
1073 784 1189 857 potest,
1213 779 1274 840 nisi
1289 777 1418 840 verbis
1436 792 1512 838 nun·

235 869 311 931 tium
333 868 459 927 referre.
495 865 557 927 Sed
578 883 657 943 quae
681 883 736 927 ore
758 867 955 944 praedicasse
979 865 1133 928 Christum
1156 865 1214 926 hoe
1237 865 1332 926 verbo
1356 863 1510 933 docemur,

235 970 273 1014 ea
294 955 325 1012 in
347 955 445 1030 ipsius
468 954 548 1012 vitae
572 956 654 1017 statu
678 955 816 1024 etacio,
840 970 910 1014 nem
934 954 1025 1012 etiam
1055 951 1137 1012 istud
1153 949 1330 1029 ,πορευθείς
1356 966 1418 1010 nen
1445 949 1513 1011 sinc

234 1042 266 1100 vi
288 1038 425 1110 additur,
448 1039 654 1115 praeformata
675 1041 766 1116 quasi
789 1044 820 1100 et
842 1045 914 1100 ante
937 1037 1043 1100 oculos
1065 1040 1166 1114 posita
1194 1039 1291 1100 fuisse
1322 1036 1467 1098 discimus
1496 1050 1513 1094 e

236 1142 319 1186 nexu
338 1123 539 1187 σσσΙιαηιιῐι.2
582 1125 648 1198 Quo
672 1131 773 1186 autem
792 1126 864 1202 jnre
887 1139 922 1183 ac
945 1123 1035 1186 modo
1060 1123 1090 1184 id
1121 1121 1203 1201 quod
1227 1123 1368 1184 Christus
1395 1117 1514 1198 praedi-

235 1213 366 1281 caverit,
390 1227 409 1270 a
429 1210 520 1270 nobis
543 1205 750 1288 restringatur
773 1212 810 1271 ad
832 1213 930 1288 ipsius
954 1209 992 1270 de
1015 1215 1116 1271 morte
1137 1211 1297 1272 victoriam
1319 1209 1399 1270 inira
1421 1222 1512 1284 appa·

237 1297 319 1358 relrit
340 1297 452 1358 clarius
475 1313 570 1372 quum
592 1297 630 1356 de
647 1299 774 1359 notione
797 1301 829 1357 et
850 1315 911 1358 usu
932 1296 1021 1358 reniti
1042 1291 1205 1377 κηρύσσειν
1225 1296 1398 1359 accuratius
1421 1294 1513 1376 etiarn

235 1382 424 1461 exploratum
447 1384 515 1442 erit.
877 1437 880 1444 .

320 1469 409 1530 Nune
436 1470 595 1545 quaeritur
623 1473 676 1546 qui
702 1471 819 1530 fuerint
846 1469 888 1530 illi
912 1469 1025 1546 quibus
1054 1469 1195 1532 Christus
1223 1466 1425 1545 praedicavit,
1457 1481 1513 1525 seu

237 1571 315 1634 qnae
338 1553 478 1616 dicantur
503 1551 543 1614 τὰ
564 1552 595 1612 ἐν
617 1557 740 1635 φυλακῇ
763 1549 934 1629 πνεύματα.
971 1553 1087 1629 Quodsi
1108 1571 1145 1618 ex
1167 1553 1232 1614 sola
1257 1570 1333 1614 voce
1354 1545 1513 1625 πνεύματα

237 1642 274 1702 de
297 1658 404 1702 eorum
432 1644 540 1700 natura
565 1639 763 1717 judicandum
794 1648 891 1713 esset,
922 1643 1144 1702 nesciverimus
1170 1638 1244 1716 quid
1271 1644 1444 1717 opponatur
1471 1635 1514 1696 illi

236 1729 289 1805 qui
311 1744 411 1804 nuper
433 1725 561 1801 angelos
579 1727 747 1803 significari
766 1729 956 1802 ingeniosius
972 1727 1136 1804 conjectet
1170 1725 1251 1788 Usus
1268 1727 1350 1788 enim
1369 1720 1514 1804 loquendi

236 1815 267 1873 in
281 1814 337 1875 No.
350 1813 403 1872 To.
419 1813 462 1872 illi
478 1817 586 1890 aperte
608 1815 706 1890 magis
721 1815 802 1874 favet
818 1830 910 1890 quam
927 1815 967 1873 iis
984 1812 1092 1892 quide
1111 1813 1220 1872 animis
1238 1817 1429 1872 mortuorum
1448 1824 1513 1880 ser·

236 1915 357 1960 monem
387 1915 459 1962 esse
487 1902 605 1974 putant.
655 1900 782 1960 Animae
813 1900 1040 1970 defunctorum,
1070 1901 1098 1960 si
1125 1897 1206 1958 hunc
1239 1896 1339 1959 locum
1368 1897 1512 1973 excipias,

237 1984 332 2046 semel
353 1990 473 2045 tantum
495 1984 686 2061 appellantur
708 1981 867 2060 νινιύμσνα
889 1985 1060 2057 ΗσΙνι.ΧΠ,
1074 1985 1113 2048 23
1137 1979 1399 2062 (προσεληλύθασι
1420 2015 1458 2028 -
1473 2015 1516 2026 -

232 2068 386 2147 πνεύμασι
417 2069 542 2129 δικαίων
565 2070 852 2145 τετελειωμένων4).
901 2072 935 2132 ln
961 2072 1154 2149 apocalypsis
1184 2069 1263 2130 libro
1289 2067 1393 2145 ψυχαί
1413 2067 1514 2146 appel·

236 2157 337 2218 lentur
351 2156 413 2234 (Vl,
426 2157 454 2218 9.
478 2157 541 2228 llll
554 2156 617 2228 ΙΙΙ
644 2155 753 2232 Neque
776 2157 846 2217 inde
869 2155 952 2234 quod
974 2154 1006 2218 ἐν
1028 2158 1152 2238 φυλακῇ
1174 2156 1309 2216 additum
1331 2160 1381 2236 est
1402 2152 1516 2230 aliquid

235 2245 316 2304 certi
337 2242 439 2320 colligi
460 2247 580 2319 potest,
604 2245 697 2303 immo
720 2242 802 2304 Baur
825 2243 884 2303 hoc
905 2245 1006 2319 ipsum
1029 2246 1257 2304 insumerem
1281 2240 1463 2302 convertit⁶

221 2366 228 2384 .
322 2327 381 2390 Sed
406 2334 438 2388 et
460 2345 539 2405 quae
563 2333 741 2405 sequuntur
758 2336 883 2404 cogunt,
906 2336 942 2392 ut
970 2328 1007 2390 de
1036 2329 1211 2390 hominibus
1241 2329 1371 2388 mortuis
1399 2340 1514 2388 sermo·

234 2433 304 2477 nem
332 2431 403 2476 esse
433 2419 617 2485 statuamus,
641 2430 742 2491 neque
766 2417 844 2477 ratio
874 2414 963 2477 deest
989 2415 1070 2476 unde
1100 2415 1176 2476 haec
1205 2414 1388 2491 significatio
1410 2411 1514 2471 deien-

235 2502 334 2562 datur.
380 2501 481 2578 Supra
498 2501 563 2576 jam
585 2501 735 2560 monitum
759 2507 807 2562 est
829 2498 988 2576 nortperto
1012 2501 1157 2578 appellari
1179 2506 1368 2561 mortuorum
1397 2499 1515 2561 animas

138 2574 146 2634 Γ
236 2591 390 2666 quatenus
413 2586 487 2646 nihil
510 2586 639 2663 amplius
663 2589 887 2668 communionis
911 2589 951 2648 sit
973 2589 1011 2648 iis
1034 2603 1103 2648 cunr
1125 2603 1217 2646 carne
1241 2591 1276 2648 et
1294 2585 1351 2646 hac
1368 2587 1429 2644 rita
1449 2599 1515 2644 cor-

235 2673 342 2751 porali.
383 2672 486 2733 Instar
508 2673 643 2732 omnium
666 2671 786 2733 illustre
808 2672 881 2733 illud
911 2673 1024 2737 domini
1053 2673 1166 2735 dictum
1196 2671 1278 2734 hunc
1305 2687 1396 2735 usum
1424 2669 1541 2760 collu-x

236 2765 330 2820 strat:
354 2763 473 2833 πνεῦμα
490 2751 591 2834 σάρκα
608 2759 657 2816 καὶ
675 2757 767 2818 ὀστέα
785 2755 841 2820 οὐκ
856 2753 915 2836 ἔχει
931 2758 1002 2820 Luc.
1014 2759 1117 2831 XXIV,
1131 2761 1171 2824 39
1184 2760 1220 2820 cf.
1233 2759 1283 2822 37.
1314 2757 1397 2818 Hane
1414 2763 1517 2819 autem

237 2849 395 2906 notionem
419 2861 475 2904 cur
496 2843 638 2905 maluerit
659 2844 819 2921 apostolus
843 2847 994 2918 eminere,
1024 2862 1115 2906 nemo
1142 2863 1205 2906 non
1235 2844 1326 2906 videt.
1371 2843 1515 2917 Quemvis

237 2933 318 2992 enim
335 2931 477 2992 Christus
491 2945 622 3006 corpore
645 2929 814 3007 glorificato
838 2925 1163 3009 indutus'apparuerit
1179 2934 1430 3000 intermortuos,
1451 2945 1515 2990 ear-

237 3034 307 3078 nem
329 3023 430 3079 tamen
455 3015 613 3092 deposuit,
638 3023 670 3076 et
692 3018 836 3093 quoiam
859 3020 956 3078 utitur
979 3033 1110 3094 corpore
1138 3017 1297 3095 spirituale
1321 3021 1369 3078 est
1392 3017 1428 3093 (l
1444 3014 1514 3074 Cor.
1553 3041 1555 3058 ι

235 3103 295 3176 XV,
307 3107 359 3179 44)
381 3119 496 3180 neque,
520 3103 581 3162 nisi
603 3101 640 3162 ad
663 3105 887 3181 apparitionem
911 3102 1062 3180 quandam
1081 3105 1310 3174 immutaretur,
1333 3105 1422 3163 inse
1445 3103 1514 3179 ipso

236 3192 277 3250 ita
294 3194 504 3267 comparatum
522 3194 557 3248 ut
575 3188 716 3250 manibus
732 3192 816 3267 tangi
833 3197 942 3267 posset
960 3189 1043 3268 (Luc.
1057 3190 1159 3261 XXIV,
1173 3192 1237 3266 39).
1265 3185 1426 3264 Πνιύμανι
1443 3185 1515 3260 ζωσ-

235 3277 377 3352 nointel:
400 3282 471 3336 ante
494 3276 596 3334 omnia
618 3291 687 3336 eum
709 3272 862 3352 πνεύμασι
885 3276 978 3337 habet
1001 3282 1137 3338 mutuam
1160 3275 1313 3353 quandam
1333 3272 1515 3336 rationem.⁷

322 3360 438 3436 Quodsi
453 3358 592 3421 nonnulli
609 3369 738 3439 propter
752 3361 832 3423 hunc
850 3365 1010 3428 notionum
1027 3367 1209 3424 concentum
1229 3361 1361 3424 redeunt
1384 3359 1421 3422 ad
1438 3361 1514 3420 anti-

239 3471 431 3484 —nn—-n--u-r—

304 3515 327 3568 1.
346 3513 478 3566 Deliizsch
497 3515 624 3580 Syrtem
646 3517 702 3566 der
721 3517 795 3567 titt.
814 3515 959 3583 repetat
979 3517 1058 3568 1855.
1078 3533 1102 3586 p.
1120 3519 1181 3570 357:
1205 3519 1270 3580 „So
1293 3518 1342 3567 den
1365 3513 1458 3565 Todten
1479 3515 1514 3563 im

236 3581 324 3634 Hades
341 3583 410 3634 sich
433 3583 649 3634 darstellertd
669 3587 788 3652 prediytc
806 3603 834 3636 er
857 3585 936 3636 ιἸιαεα
960 3577 1120 3654 (ἐκήρυξεν)
1146 3587 1197 3636 die
1221 3603 1286 3636 ααιι
1309 3581 1514 3652 qescdeirene

239 3649 494 3718 Ucderwindunp
512 3654 574 3702 -.“
1222 3670 1225 3678 ·

303 3722 328 3774 2.
347 3719 496 3786 Wiesinger
514 3719 583 3770 idem
602 3719 658 3770 fere
676 3734 709 3770 ex
726 3731 822 3771 eorum·
835 3729 904 3772 statu
922 3720 1056 3772 concludit
1067 3721 1162 3787 quibus
1174 3723 1280 3773 nuntius
1293 3719 1401 3772 affertur
1418 3735 1442 3786 p.
1453 3720 1515 3778 237:

236 3817 286 3850 ‚,-
297 3807 348 3841 nur
362 3791 424 3840 daea
440 3807 501 3840 αισα
516 3791 571 3840 sicli
582 3789 621 3839 dei
634 3790 684 3840 deu
698 3791 742 3839 der
752 3789 840 3842 letheo
853 3792 1022 3842 araterrium
1035 3791 1153 3842 Geistern
1162 3792 1203 3842 die
1213 3791 1352 3858 Fattpkair
1360 3790 1408 3840 der
1424 3789 1514 3840 Walte-

235 3859 362 3926 netmuny
383 3859 426 3908 der
444 3861 479 3908 im
500 3859 585 3909 Geiste
602 3861 825 3925 pepenwdrtt'pen,
851 3859 953 3910 teitltct
971 3859 1119 3910 vertitatem
1138 3859 1226 3909 Herm
1242 3862 1296 3910 und
1312 3861 1398 3908 seiner
1418 3855 1514 3922 θαασσ-

229 3935 303 3977 wart
320 3928 416 3978 andere
435 3943 466 3978 aa
486 3928 584 3977 denteri
602 3927 664 3989 ύσΙς
683 3953 715 3964 -
734 3925 834 3991 sitente
853 3928 958 3978 sacta
976 3929 1031 3978 dea
1050 3929 1248 3980 sttwm‘·
1267 3955 1297 3964 -
1318 3953 1359 3980 -.

302 3998 328 4049 3.
348 3993 418 4046 Baur
436 3996 513 4046 tireol.
532 3994 641 4045 datrdt.
663 3994 722 4056 XV,
742 3998 758 4046 2
777 4011 803 4061 p.
819 3997 866 4048 193
882 4009 940 4062 sqq.

302 4070 330 4117 4.
347 4063 399 4116 dfr.
416 4063 548 4116 lielitzsch
566 4061 583 4112 l.
602 4062 620 4115 Ι.
638 4065 734 4128 pale.
1114 4091 1117 4100 ν

303 4137 328 4185 5.
348 4125 385 4184 lie
411 4132 513 4199 angelis
536 4139 589 4184 tam
614 4133 689 4184 malis
707 4147 783 4218 quarn
808 4133 885 4184 bonis
904 4138 1044 4200 usurpatur
1063 4133 1132 4186 πνεύ
1190 4132 1258 4188 haud
1278 4148 1346 4186 rare.
1384 4133 1434 4186 Cir.
1453 4133 1514 4186 Luc.

235 4199 271 4262 X,
290 4203 336 4254 20:
354 4196 391 4286 pri
410 4201 523 4272 χαίρετε
541 4198 583 4250 ὅτι
602 4193 635 4250 τὰ
656 4216 799 4272 πνεύματα
817 4199 883 4272 ὑμῖν
902 4196 1095 4256 interiecerat.
1121 4204 1129 4253 Ι
1162 4205 1224 4264 ‚itt
1260 4202 1337 4256 Hchr.
1355 4203 1376 4265 l,
1393 4210 1437 4258 14:
1462 4203 1514 4254 λει-

237 4285 368 4340 τουργικα
385 4265 539 4340 πνεύματα.
575 4271 656 4335 Apoe.
675 4269 698 4330 Ι,
716 4279 741 4324 4.
767 4271 813 4331 ΙΙΙ,
833 4278 857 4323 l.
881 4271 921 4332 ΙΙΙ,
940 4275 964 4323 5.
990 4271 1020 4332 V,
1037 4275 1060 4326 d.

304 4344 330 4392 ΙΙ.
353 4337 459 4391 Confert
481 4339 646 4406 potissimum
669 4339 752 4405 Aper,
776 4339 833 4400 XX,
856 4345 885 4392 7:
910 4335 1060 4407 λυθήσεται
1084 4335 1098 4389 ὃ
1123 4338 1245 4396 actarde
1268 4332 1298 4390 ἐκ
1322 4342 1370 4409 τῆς
1391 4339 1515 4410 φυλακῆς
1614 4359 1616 4369 ·

237 4423 329 4528 movi.
348 4476 462 4543 Bengel:
481 4477 559 4538 „Cum
579 4476 729 4529 viventibus
748 4480 802 4544 egit
820 4478 947 4539 incarne,
966 4492 1025 4532 eum
1039 4479 1174 4546 spiritibus
1184 4449 1219 4532 'in
1237 4480 1355 4547 spiritu“
1381 4479 1421 4532 rid
1439 4481 1514 4532 usum

237 4545 363 4612 loquendi
381 4546 587 4599 collustrandum
600 4546 706 4612 juvabit
723 4548 801 4600 etiam
820 4547 939 4600 conferre
959 4547 1083 4615 Stephani
1101 4547 1181 4600 verba
1199 4549 1255 4600 Act.
1275 4548 1332 4610 Vll,
1350 4551 1382 4602 39
1406 4547 1451 4600 cfr.
1470 4547 1513 4602 Pa.

236 4613 330 4675 XXXI,
348 4619 364 4666 e
382 4615 447 4666 lxx
465 4623 491 4666 et
508 4615 643 4668 attendere
662 4614 693 4666 ad
718 4631 792 4667 usum
812 4617 1000 4668 vocabulorum
1019 4610 1162 4685 πνεύματα
1187 4624 1214 4668 et
1235 4618 1326 4686 ψυχαί
1348 4631 1432 4684 paene
1455 4633 1514 4685 pro-

237 4683 386 4806 ἒιέῗσιιιῆω.1
419 4683 469 4734 Gfr.
494 4685 558 4737 itan.
578 4685 611 4736 ΙΙΙ
637 4683 709 4738 Gent.
725 4687 810 4749 Arari.
835 4701 861 4738 r.
878 4688 910 4738 63
934 4681 1081 4757 πνεύματα,
1105 4684 1153 4738 καὶ
1176 4684 1266 4755 ψυχαὶ
1290 4683 1414 4741 desetor.
1454 4687 1514 4755 Sap.
