3516 5360
284 355 324 418 22
608 379 612 393 ·
803 353 910 415 iPura.
928 353 977 425 iii,
997 353 1062 412 iu·

283 527 479 634 opponantur
509 522 558 584 voi
586 521 807 601 adiungantur,
837 519 892 583 aad
921 526 1027 600 aperte
1050 537 1120 582 cum
1149 519 1276 582 relatiua
1299 519 1510 581 enuntiatione
1533 513 1566 578 io

283 629 325 694 ῳ,
348 612 391 670 ita
405 615 440 669 ut
453 609 540 683 notin
559 615 638 686 quad
660 610 693 669 iii
715 615 752 678 eii
775 609 848 670 latei
870 606 1086 686 (ζωοποιηθεὶς
1096 601 1270 684 πνεύματι)
1292 609 1450 682 urgeant.
1488 604 1565 666 Nam
1640 639 1647 646 .

283 697 360 760 haec
383 700 432 757 eat
453 705 573 756 summa
594 705 702 756 acram
724 704 802 774 quae
826 700 1016 772 sequuntur,
1041 701 1075 754 ut
1098 692 1170 773 quid
1193 691 1335 753 Christus
1353 691 1512 753 redivivus
1533 695 1566 753 et

284 782 322 844 ad
349 787 463 844 sutum
487 782 604 859 gloriae
628 781 726 842 redux
751 782 851 858 egerit
883 781 1029 841 referant.
1073 778 1255 841 Rediuiuum
1284 793 1357 840 esse
1385 777 1477 853 dixit3
1500 779 1564 856 jaan

285 871 389 947 egisse
412 867 543 928 eundem
567 867 643 945 (uei)
666 866 801 941 additur,
825 868 1122 945 quaeconvenirent
1138 867 1333 928 invictorum
1355 866 1465 926 mortis
1486 865 1565 942 inju-

229 1007 240 1026 ι
284 957 461 1032 nitrumque
473 953 730 1016 adversariorum.
755 948 801 1014 lta
817 957 844 1014 si
861 954 1043 1030 explicatur,
1061 953 1150 1014 iaciie
1166 956 1307 1030 apparet,
1329 963 1410 1030 quac
1430 963 1565 1030 sequane

285 1048 352 1115 tur,
375 1041 497 1118 etipsa
526 1041 677 1102 inservire
705 1039 900 1117 enpiioationi
921 1054 1032 1102 versus
1049 1037 1157 1100 decimi
1181 1039 1313 1115 septimi.

371 1127 449 1203 Quin
472 1141 548 1188 veno
570 1129 671 1204 egerit
692 1127 869 1188 continetur
891 1125 1011 1187 verbis:
1035 1124 1199 1207 πορευθεὶς
1221 1119 1363 1205 ἐκήρυξεν
1380 1129 1446 1195 τοῖς
1463 1122 1494 1184 ie
1510 1139 1567 1205 qm

287 1217 365 1296 λαιῇ
387 1207 548 1290 πνειζμασι.
572 1243 615 1258 --
636 1212 837 1274 Praedicasse
860 1211 972 1280 dicitur
988 1211 1129 1274 Christus
1152 1229 1170 1272 e
1193 1213 1324 1272 mortuis
1346 1211 1444 1272 redux
1465 1209 1567 1272 odnie

287 1315 361 1363 rena
385 1315 420 1360 se
447 1301 479 1360 in
501 1299 592 1360 alium
616 1299 718 1361 iocum
741 1304 833 1377 atque
855 1301 887 1360 in
909 1314 971 1377 quo
993 1299 1102 1370 merit,
1127 1295 1226 1358 donec
1247 1297 1315 1374 ipse
1338 1298 1439 1358 anima
1461 1309 1479 1356 a
1500 1293 1580 1358 ccn'

286 1401 365 1467 pore
387 1391 530 1464 separata
551 1387 583 1444 in
604 1387 715 1447 mortis
739 1384 1054 1459 conditioneesset,1
1077 1387 1109 1446 in
1132 1401 1203 1445 eum
1226 1382 1349 1462 quidem
1372 1383 1493 1456 iocum,
1514 1382 1569 1443 uhi

287 1474 410 1556 φυλακῇ
427 1473 663 1541 continerentur
684 1473 845 1549 compare
867 1472 943 1544 ista,
967 1486 1101 1549 quorum
1123 1477 1233 1530 natura
1258 1467 1368 1530 deinde
1395 1469 1569 1530 accuratius
1598 1545 1606 1563 ¹

288 1559 443 1622 deiinitur.
489 1557 736 1636 coaequamus
760 1562 836 1636 quot
851 1556 946 1619 uerba
967 1562 1016 1618 tot
1037 1559 1208 1636 aenigmata
1230 1571 1301 1616 esse
1323 1555 1500 1628 rideantur,
1523 1560 1568 1616 te

286 1662 357 1708 meu
379 1645 555 1705 universam
578 1657 686 1706 eorum
709 1646 894 1706 sententiam
918 1660 986 1705 eam
1001 1659 1092 1722 quam
1114 1643 1335 1723 proposuimus
1353 1641 1436 1706 uitro
1452 1642 1568 1716 offerri,

286 1730 496 1794 consideranti
518 1743 588 1790 eum
609 1731 749 1810 singulas
763 1731 929 1792 verborum
943 1732 1087 1792 notiones
1110 1735 1179 1800 tum,
1194 1730 1417 1790 sententiarum
1435 1729 1517 1791 inter
1534 1743 1569 1790 se

217 1806 221 1820 ’
284 1817 515 1880 cohaerentiam
537 1816 616 1876 haud
634 1816 812 1894 ambignum
830 1831 902 1878 esse
918 1821 1033 1896 potest.

372 1903 510 1964 Fuerunt
532 1904 636 1964 tanien
660 1907 691 1966 et
712 1909 786 1965 sunt
808 1906 983 1965 etiamnunc
1013 1905 1065 1982 qui
1093 1903 1174 1966 huuc
1204 1919 1221 1962 a
1243 1903 1385 1982 proximo
1408 1917 1503 1964 versu
1526 1901 1569 1962 ita

287 1995 450 2069 separent,
473 1993 508 2050 ut
523 2003 602 2066 quac
623 1989 730 2052 verbis
752 1989 784 2048 is
807 1979 831 2072 ᾧ
853 1989 907 2049 καί
931 1989 1120 2061 inferantur,
1144 1995 1233 2067 gesta
1255 2005 1327 2050 esse
1352 1991 1499 2050 censeant
1520 1987 1569 2049 his

287 2077 370 2138 miiie
386 2077 476 2136 annis
494 2081 564 2135 ante
579 2087 673 2153 quam
690 2073 833 2136 Christus
852 2075 945 2136 homo
966 2076 1066 2138 iaetus
1089 2080 1190 2148 esset,
1214 2092 1253 2136 ue
1277 2074 1375 2136 dicam
1398 2092 1415 2136 e
1435 2075 1569 2136 mortuis

287 2162 399 2234 redux,
417 2160 534 2222 Noachi
551 2162 669 2222 scilicet
687 2162 897 2239 temporibus,
913 2177 971 2240 per
984 2161 1099 2223 Christi
1114 2162 1256 2240 spiritum
1275 2163 1308 2222 in
1322 2161 1383 2222 hoc
1400 2163 1470 2240 ipso
1481 2175 1569 2239 prae

287 2254 408 2312 sentem
430 2263 549 2326 perque
572 2259 644 2309 euru
664 2246 876 2326 loquentem.²
919 2248 1036 2324 Quibus
1059 2250 1225 2326 quominus
1249 2249 1457 2310 assentiamur
1481 2246 1570 2326 piura
1597 2309 1602 2328 Ι

287 2336 425 2407 obstant,
449 2349 529 2412 quae
557 2336 666 2412 mucis
688 2334 920 2398 ιῐιιοΙνιιιιιε.3
953 2334 998 2394 De
1020 2335 1050 2396 ui
1074 2349 1164 2412 quam
1187 2333 1270 2395 istud
1292 2332 1324 2393 ἐν
1345 2320 1440 2417 qiam
1455 2333 1570 2394 habere
1625 2404 1631 2416 .

287 2421 448 2482 videretur
470 2435 565 2498 supra
579 2419 811 2499 disputavimus.
841 2421 907 2496 Qua
923 2419 960 2480 de
975 2437 1011 2480 re
1028 2419 1193 2498 disceptari
1208 2435 1303 2498 posse
1322 2437 1391 2480 cum
1406 2420 1497 2481 facile
1512 2419 1570 2480 iar-

288 2509 421 2586 giamur,
440 2505 477 2566 ad
493 2523 560 2567 eam
575 2523 655 2584 quac
677 2509 753 2568 insit
774 2506 871 2569 verho
894 2502 1043 2584 πνεύματι
1068 2505 1226 2568 notionem
1240 2507 1372 2583 primum
1387 2518 1571 2568 revocamus

288 2594 381 2655 iitem.
417 2592 480 2652 iiac
497 2592 624 2654 notione
648 2595 701 2671 qui
717 2591 849 2654 divinam
864 2593 979 2654 Christi
992 2597 1131 2654 naturam
1146 2593 1316 2671 significari
1334 2598 1464 2654 censent
1484 2591 1570 2670 (Cer-

288 2679 365 2740 hard
381 2679 496 2741 Comm.
519 2695 548 2756 p.
562 2680 633 2743 453.
656 2679 811 2741 Pistorins
835 2680 852 2739 i.
869 2679 887 2745 i.
903 2698 933 2760 p.
951 2680 999 2743 in.
1017 2677 1067 2756 ai.)
1085 2696 1147 2740 non
1168 2681 1321 2742 immerito
1342 2679 1427 2740 istud
1442 2676 1474 2739 dv
1489 2667 1514 2762 ᾤ
1530 2680 1573 2738 ita

289 2768 477 2843 acceperint,
500 2768 535 2826 ut
556 2763 799 2844 adjungerentur
819 2783 898 2844 quae
921 2765 1024 2826 diuino
1047 2767 1099 2827 isti
1121 2767 1152 2826 in
1178 2765 1301 2827 Christo
1317 2767 1441 2844 spiritui
1461 2781 1518 2843 per
1536 2780 1571 2825 se

290 2857 431 2930 spectato
456 2851 620 2910 tribuenda
635 2857 755 2924 essent,
779 2857 869 2929 gesta
887 2853 1022 2913 fortasse
1045 2853 1137 2913 etiam
1153 2857 1223 2912 ante
1241 2867 1332 2930 quam
1350 2869 1419 2913 cum
1440 2851 1572 2912 humana

289 2939 322 2998 in
344 2937 422 2998 Jesn
445 2943 554 2996 natura
572 2953 607 2997 se
618 2938 790 3014 junxisset,
815 2937 1071 3014 quemadmodum
1083 2935 1110 3012 i,
1125 2941 1160 3000 ii
1187 2937 1224 2998 ah
1242 2941 1311 3015 ipso
1326 2937 1420 2999 Petro
1437 2938 1573 2998 refertur

291 3023 427 3085 diuinum
447 3019 478 3084 ci
497 3027 656 3084 aeternum
676 3023 790 3084 Christi
807 3025 949 3101 spiritum
970 3041 1028 3102 per
1045 3023 1214 3103 prophetas
1237 3025 1311 3085 oiim
1334 3024 1471 3085 locutum
1487 3039 1570 3086 esse.

204 3177 206 3188 ‚
292 3109 351 3185 Qui
369 3124 446 3170 uero
468 3107 629 3170 nobiscnm
653 3113 793 3170 statuunt
820 3105 970 3188 πνεύματι
993 3125 1055 3170 non
1078 3123 1173 3188 posse
1196 3125 1259 3170 non
1282 3110 1320 3170 de
1341 3111 1437 3172 altera
1457 3107 1573 3171 Christi

293 3197 407 3272 quippe
430 3194 564 3256 hominis
586 3196 658 3258 iacti
682 3198 771 3274 quasi
793 3201 882 3274 parte
904 3195 1046 3273 intelligi,
1070 3214 1107 3257 ex
1130 3211 1190 3274 qua
1214 3195 1336 3258 demum
1350 3199 1432 3259 vitae
1455 3200 1486 3257 et
1508 3195 1572 3274 gio-

60 3293 63 3300 *
152 3297 156 3312 ¹
189 3289 191 3294 ’
256 3328 259 3334 ,
292 3283 358 3342 riae
381 3287 526 3342 aeternae
548 3297 625 3342 usus
649 3287 681 3342 et
700 3285 821 3344 fructus
845 3286 999 3360 competat
1020 3282 1169 3344 humanae
1193 3284 1291 3359 ipsius
1313 3289 1456 3356 naturae,
1478 3281 1572 3343 iicen-
1611 3339 1618 3361 ,
1723 3301 1728 3310 ·

290 3368 333 3426 tia
355 3382 487 3445 prorsus
509 3367 614 3428 iiiicita
636 3373 780 3439 utuntur,
804 3370 952 3428 continuo
975 3373 1084 3429 tenore
1106 3367 1143 3428 de
1167 3369 1277 3445 spiritu
1300 3369 1414 3430 Christi
1437 3367 1486 3446 agi
1508 3369 1573 3445 opi·

285 3458 400 3513 nantes
423 3455 472 3512 cui
494 3451 570 3513 nihii
590 3460 656 3512 tum
678 3469 747 3515 cnm
764 3453 886 3515 Christi
901 3453 1031 3516 humana
1051 3461 1161 3516 natura
1183 3453 1296 3515 nedum
1316 3467 1385 3516 eum
1402 3455 1573 3532 glorificato

238 3554 244 3568 ‘
292 3537 360 3616 ejus
383 3543 468 3599 statu
489 3540 583 3599 fuerit
605 3541 773 3616 negotium.
808 3541 995 3618 ablegamur
1015 3540 1139 3619 quidem
1160 3557 1229 3602 cum
1249 3541 1379 3618 quadam
1401 3541 1468 3602 veri
1490 3535 1573 3605 simi·
1678 3532 1682 3545 '

289 3623 418 3686 iitudine
438 3623 475 3684 ad
499 3640 608 3687 onines
630 3641 686 3688 eos
709 3626 810 3698 iocos,
834 3629 867 3688 in
888 3627 1166 3705 quihus‘Christus
1189 3630 1317 3706 spiritus
1339 3628 1517 3689 testimonio
1540 3631 1574 3687 et

290 3727 388 3790 opera
407 3711 489 3771 vitae
507 3727 587 3772 suae
609 3718 811 3792 recuperatae
834 3715 895 3775 uim
922 3715 954 3773 in
976 3713 1119 3776 homines
1140 3717 1319 3776 exseruisse
1341 3714 1459 3776 dicatur
1480 3713 1572 3793 (Bes-

290 3811 344 3857 ser
365 3796 384 3860 i.
402 3796 422 3859 i.
445 3813 475 3874 p.
498 3797 588 3873 260).
634 3797 702 3872 Quo
723 3797 847 3877 quidem
869 3802 1049 3862 testimonio
1079 3799 1333 3880 quemadmodum
1362 3803 1436 3878 post
1459 3797 1573 3862 Christi
1670 3813 1675 3818 ·

291 3888 422 3943 mortem
439 3885 698 3946 convincerentur
714 3885 870 3960 infideles,
887 3885 997 3948 eodem
1015 3886 1106 3949 modo
1125 3889 1215 3948 ctiam
1235 3885 1334 3966 (κιιιΊ4
1351 3883 1403 3948 iilo
1422 3893 1573 3966 tempore,

292 3969 406 4047 quippe
428 3967 512 4046 quad
534 3975 620 4042 esset
641 3969 792 4034 lectorum
814 3988 891 4035 aevo
915 3973 1118 4046 simillimum,
1141 3974 1313 4051 aequaiium
1335 3971 1452 4036 Noachi
1474 3973 1575 4032 incre-

293 4053 452 4114 duiitatem
474 4053 674 4135 redarguisse
697 4056 853 4124 Christum
874 4061 977 4136 ipsum
1004 4061 1038 4120 in
1060 4060 1171 4137 spiritu
1198 4075 1256 4121 sno
1286 4063 1491 4138 praesentem.
1534 4061 1576 4120 nt

363 4210 385 4257 i.
405 4204 433 4255 id
452 4205 523 4272 quod
542 4210 637 4262 summi
656 4214 782 4264 momenti
802 4217 854 4274 est,
876 4227 936 4264 cum
955 4212 987 4264 ab
1006 4211 1066 4264 aliis
1087 4215 1156 4275 (ec.
1181 4211 1313 4275 Gnedcro)
1335 4227 1402 4282 quae
1421 4209 1526 4273 sotii,
1542 4211 1574 4264 27

292 4273 325 4325 dc
344 4277 445 4325 animae
461 4274 556 4328 Christi
575 4279 643 4330 inter
663 4287 781 4334 mortuos
799 4289 869 4333 statu
889 4279 1012 4334 dicuntur
1025 4281 1175 4350 importune
1189 4287 1279 4334 nostro
1295 4281 1356 4334 ioco
1370 4279 1575 4336 immisceamur.

260 4391 262 4398 ,
293 4341 346 4394 Cir.
366 4351 455 4394 contra
475 4358 522 4396 eos
540 4343 711 4402 Thomcsiu'm
730 4351 826 4403 Cuncti
845 4351 943 4403 Person
961 4351 1016 4402 und
1035 4349 1109 4403 Werit
1127 4353 1155 4404 ii
1172 4367 1197 4420 p.
1208 4353 1259 4404 238
1274 4365 1313 4418 sq.

363 4414 388 4462 2.
408 4411 444 4464 ita
459 4413 634 4479 Augustinus,
648 4417 732 4480 Beda,
748 4418 863 4471 'ihomas
878 4419 1010 4487 Aquinas,
1024 4417 1108 4471 Nicoi.
1124 4420 1155 4472 de
1171 4421 1251 4490 Lyra,
1270 4418 1351 4482 Beza,
1370 4417 1431 4472 ioh.
1446 4415 1578 4481 Cerhard3

293 4479 362 4531 inter
379 4491 508 4533 nostrates
520 4482 650 4538 Pistorins
662 4488 825 4552 (zeitschrift
838 4489 884 4553 sair
894 4507 948 4556 pes.
959 4489 1064 4542 Lasther.
1079 4487 1162 4543 Theoi.
1173 4509 1198 4544 u.
1209 4490 1307 4540 iiirete
1323 4487 1371 4540 Vn
1378 4527 1385 4552 ‚
1404 4492 1420 4540 2
1434 4506 1461 4556 p.
1472 4491 1488 4542 3
1498 4487 1578 4556 sqq),

293 4547 391 4601 Besser
409 4551 603 4614 (Bideistuaden
629 4555 661 4607 Vi
680 4559 764 4624 piei
778 4559 862 4624 sqq),
882 4557 1012 4608 iioimann
1032 4559 1206 4624 (Schristdeao.
1227 4557 1294 4620 11,1
1314 4559 1401 4624 p.3³6
1417 4561 1494 4628 ⁸qu.

362 4619 386 4672 3.
412 4617 536 4672 Conferas
560 4636 627 4691 quac
652 4639 736 4692 nuper
756 4624 907 4694 Wiesinger
933 4625 966 4677 ad
989 4626 1057 4678 hanc
1082 4627 1134 4679 ioci
1153 4626 1396 4694 interpretationem
1413 4623 1577 4680 reiutundtm

293 4693 369 4740 acute
387 4688 497 4754 proiuiii
513 4689 556 4742 ii.
574 4705 601 4758 p.
614 4693 665 4746 236
679 4707 738 4762 sqq.
849 4695 851 4710 '
1038 4713 1043 4722 ·

361 4759 384 4810 i.
399 4756 471 4811 Hanc
489 4759 542 4812 vim
560 4759 695 4814 istudeant
712 4762 809 4815 habere
827 4765 919 4816 statuit
936 4762 1035 4816 Besser
1050 4779 1077 4831 p.
1090 4765 1149 4818 260.
