<?xml version="1.0" encoding="UTF-8"?>
<!DOCTYPE html PUBLIC "-//W3C//DTD XHTML 1.0 Transitional//EN"
    "http://www.w3.org/TR/xhtml1/DTD/xhtml1-transitional.dtd">
<html xmlns="http://www.w3.org/1999/xhtml" xml:lang="en" lang="en">
 <head>
  <title>
</title>
<meta http-equiv="Content-Type" content="text/html;charset=utf-8" />
  <meta name='ocr-system' content='tesseract 3.04.00' />
  <meta name='ocr-capabilities' content='ocr_page ocr_carea ocr_par ocr_line ocrx_word'/>
</head>
<body>
  <div class='ocr_page' id='page_1' title='image "./petriapostolide00zezsgoog_0009.png"; bbox 0 0 3516 5360; ppageno 0'>
   <div class='ocr_carea' id='block_1_1' title="bbox 534 1043 1025 1326">
    <p class='ocr_par' dir='ltr' id='par_1_1' title="bbox 534 1043 1025 1326">
     <span class='ocr_line' id='line_1_1' title="bbox 801 1043 832 1126; baseline 0 0"><span class='ocrx_word' id='word_1_1' title='bbox 801 1043 832 1126; x_wconf 78' lang='grc' dir='ltr'>Ι.</span> 
     </span>
     <span class='ocr_line' id='line_1_2' title="bbox 534 1187 1025 1326; baseline -0.01 0"><span class='ocrx_word' id='word_1_2' title='bbox 534 1187 537 1192; x_wconf 75' lang='grc'><strong><em>’</em></strong></span> <span class='ocrx_word' id='word_1_3' title='bbox 607 1227 1025 1326; x_wconf 80' lang='grc'>3333333333.</span> 
     </span>
    </p>
   </div>
   <div class='ocr_carea' id='block_1_2' title="bbox 116 1468 1544 3022">
    <p class='ocr_par' dir='ltr' id='par_1_2' title="bbox 116 1468 1544 3022">
     <span class='ocr_line' id='line_1_3' title="bbox 266 1468 1461 1552; baseline -0.004 -15"><span class='ocrx_word' id='word_1_4' title='bbox 266 1477 419 1537; x_wconf 87' lang='lat' dir='ltr'>Christum</span> <span class='ocrx_word' id='word_1_5' title='bbox 443 1475 490 1536; x_wconf 89' lang='lat' dir='ltr'>ad</span> <span class='ocrx_word' id='word_1_6' title='bbox 502 1477 619 1538; x_wconf 83' lang='lat' dir='ltr'>inferos</span> <span class='ocrx_word' id='word_1_7' title='bbox 643 1474 841 1538; x_wconf 84' lang='lat' dir='ltr'>descendisse</span> <span class='ocrx_word' id='word_1_8' title='bbox 868 1474 939 1536; x_wconf 88' lang='lat' dir='ltr'>inde</span> <span class='ocrx_word' id='word_1_9' title='bbox 962 1475 999 1534; x_wconf 91' lang='lat' dir='ltr'>ab</span> <span class='ocrx_word' id='word_1_10' title='bbox 1023 1472 1246 1552; x_wconf 81' lang='lat' dir='ltr'>antiquissimis</span> <span class='ocrx_word' id='word_1_11' title='bbox 1268 1468 1461 1548; x_wconf 79' lang='lat' dir='ltr'>temporibus</span> 
     </span>
     <span class='ocr_line' id='line_1_4' title="bbox 116 1557 1461 1644; baseline -0.004 -22"><span class='ocrx_word' id='word_1_12' title='bbox 116 1570 118 1576; x_wconf 87' lang='lat'>&#39;</span> <span class='ocrx_word' id='word_1_13' title='bbox 180 1562 258 1644; x_wconf 87' lang='lat' dir='ltr'>apud</span> <span class='ocrx_word' id='word_1_14' title='bbox 277 1563 469 1624; x_wconf 83' lang='lat' dir='ltr'>Christianos</span> <span class='ocrx_word' id='word_1_15' title='bbox 492 1565 574 1624; x_wconf 91' lang='lat' dir='ltr'>inter</span> <span class='ocrx_word' id='word_1_16' title='bbox 597 1561 837 1632; x_wconf 81' lang='lat' dir='ltr'>fideiartieulos</span> <span class='ocrx_word' id='word_1_17' title='bbox 863 1561 1001 1636; x_wconf 83' lang='lat' dir='ltr'>habitum</span> <span class='ocrx_word' id='word_1_18' title='bbox 1024 1563 1081 1622; x_wconf 91' lang='lat' dir='ltr'>est.</span> <span class='ocrx_word' id='word_1_19' title='bbox 1116 1559 1150 1620; x_wconf 92' lang='grc'>13</span> <span class='ocrx_word' id='word_1_20' title='bbox 1172 1557 1314 1637; x_wconf 82' lang='lat' dir='ltr'>symbolo</span> <span class='ocrx_word' id='word_1_21' title='bbox 1338 1561 1461 1634; x_wconf 89' lang='lat' dir='ltr'>aposto-</span> 
     </span>
     <span class='ocr_line' id='line_1_5' title="bbox 180 1643 1461 1728; baseline -0.005 -18"><span class='ocrx_word' id='word_1_22' title='bbox 180 1649 255 1720; x_wconf 90' lang='lat' dir='ltr'>lico,</span> <span class='ocrx_word' id='word_1_23' title='bbox 281 1648 362 1728; x_wconf 92' lang='lat' dir='ltr'>quod</span> <span class='ocrx_word' id='word_1_24' title='bbox 386 1649 510 1720; x_wconf 90' lang='lat' dir='ltr'>dicitur,</span> <span class='ocrx_word' id='word_1_25' title='bbox 539 1649 576 1708; x_wconf 93' lang='lat' dir='ltr'>ab</span> <span class='ocrx_word' id='word_1_26' title='bbox 600 1650 686 1710; x_wconf 90' lang='lat' dir='ltr'>initio</span> <span class='ocrx_word' id='word_1_27' title='bbox 710 1647 843 1726; x_wconf 65' lang='lat' dir='ltr'>quidem,</span> <span class='ocrx_word' id='word_1_28' title='bbox 857 1647 950 1709; x_wconf 89' lang='lat' dir='ltr'>verba</span> <span class='ocrx_word' id='word_1_29' title='bbox 974 1644 1158 1718; x_wconf 87' lang='lat' dir='ltr'>„descendit</span> <span class='ocrx_word' id='word_1_30' title='bbox 1178 1643 1216 1704; x_wconf 92' lang='lat' dir='ltr'>ad</span> <span class='ocrx_word' id='word_1_31' title='bbox 1237 1645 1376 1706; x_wconf 86' lang='lat' dir='ltr'>inferna“</span> <span class='ocrx_word' id='word_1_32' title='bbox 1399 1660 1461 1720; x_wconf 88' lang='lat' dir='ltr'>non</span> 
     </span>
     <span class='ocr_line' id='line_1_6' title="bbox 180 1728 1460 1818; baseline -0.006 -22"><span class='ocrx_word' id='word_1_33' title='bbox 180 1735 370 1813; x_wconf 84' lang='lat' dir='ltr'>legebantur.</span> <span class='ocrx_word' id='word_1_34' title='bbox 417 1733 477 1796; x_wconf 86' lang='lat' dir='ltr'>Sed</span> <span class='ocrx_word' id='word_1_35' title='bbox 501 1737 644 1818; x_wconf 89' lang='lat' dir='ltr'>quoniam</span> <span class='ocrx_word' id='word_1_36' title='bbox 668 1752 684 1794; x_wconf 92' lang='lat' dir='ltr'>a</span> <span class='ocrx_word' id='word_1_37' title='bbox 708 1738 819 1812; x_wconf 92' lang='lat' dir='ltr'>quarto</span> <span class='ocrx_word' id='word_1_38' title='bbox 844 1732 1021 1794; x_wconf 79' lang='lat' dir='ltr'>saeculo-in</span> <span class='ocrx_word' id='word_1_39' title='bbox 1045 1732 1111 1792; x_wconf 91' lang='lat' dir='ltr'>aliis</span> <span class='ocrx_word' id='word_1_40' title='bbox 1134 1730 1207 1790; x_wconf 86' lang='lat' dir='ltr'>fidei</span> <span class='ocrx_word' id='word_1_41' title='bbox 1227 1729 1369 1807; x_wconf 82' lang='lat' dir='ltr'>regulisl</span> <span class='ocrx_word' id='word_1_42' title='bbox 1390 1728 1460 1790; x_wconf 90' lang='lat' dir='ltr'>addi</span> 
     </span>
     <span class='ocr_line' id='line_1_7' title="bbox 181 1817 1459 1898; baseline -0.006 -15"><span class='ocrx_word' id='word_1_43' title='bbox 181 1826 289 1898; x_wconf 90' lang='lat' dir='ltr'>coepta</span> <span class='ocrx_word' id='word_1_44' title='bbox 319 1821 471 1894; x_wconf 81' lang='grc'>31131333,</span> <span class='ocrx_word' id='word_1_45' title='bbox 505 1821 565 1882; x_wconf 88' lang='lat' dir='ltr'>boo</span> <span class='ocrx_word' id='word_1_46' title='bbox 596 1820 705 1898; x_wconf 85' lang='lat' dir='ltr'>ipsum</span> <span class='ocrx_word' id='word_1_47' title='bbox 726 1820 909 1882; x_wconf 89' lang='lat' dir='ltr'>documento</span> <span class='ocrx_word' id='word_1_48' title='bbox 939 1824 1003 1890; x_wconf 92' lang='lat' dir='ltr'>est,</span> <span class='ocrx_word' id='word_1_49' title='bbox 1033 1817 1116 1896; x_wconf 91' lang='lat' dir='ltr'>quod</span> <span class='ocrx_word' id='word_1_50' title='bbox 1146 1817 1258 1894; x_wconf 81' lang='lat' dir='ltr'>singuli</span> <span class='ocrx_word' id='word_1_51' title='bbox 1286 1817 1368 1893; x_wconf 91' lang='lat' dir='ltr'>iique</span> <span class='ocrx_word' id='word_1_52' title='bbox 1397 1833 1459 1876; x_wconf 93' lang='lat' dir='ltr'>non</span> 
     </span>
     <span class='ocr_line' id='line_1_8' title="bbox 180 1901 1457 1986; baseline -0.005 -18"><span class='ocrx_word' id='word_1_53' title='bbox 180 1911 270 1986; x_wconf 90' lang='lat' dir='ltr'>pauci</span> <span class='ocrx_word' id='word_1_54' title='bbox 304 1907 568 1970; x_wconf 88' lang='lat' dir='ltr'>ante&#39;docnerint</span> <span class='ocrx_word' id='word_1_55' title='bbox 595 1910 692 1968; x_wconf 91' lang='lat' dir='ltr'>totius</span> <span class='ocrx_word' id='word_1_56' title='bbox 722 1907 869 1968; x_wconf 88' lang='lat' dir='ltr'>eeclesiae</span> <span class='ocrx_word' id='word_1_57' title='bbox 897 1923 1029 1966; x_wconf 89' lang='lat' dir='ltr'>assensu</span> <span class='ocrx_word' id='word_1_58' title='bbox 1057 1903 1289 1981; x_wconf 89' lang='lat' dir='ltr'>comprobatum</span> <span class='ocrx_word' id='word_1_59' title='bbox 1320 1901 1457 1962; x_wconf 59' lang='grc'>1313331.</span> 
     </span>
     <span class='ocr_line' id='line_1_9' title="bbox 181 1990 1472 2072; baseline -0.007 -15"><span class='ocrx_word' id='word_1_60' title='bbox 181 1994 298 2070; x_wconf 81' lang='lat' dir='ltr'>Quibus</span> <span class='ocrx_word' id='word_1_61' title='bbox 321 1996 353 2054; x_wconf 94' lang='lat' dir='ltr'>in</span> <span class='ocrx_word' id='word_1_62' title='bbox 376 1993 509 2072; x_wconf 90' lang='lat' dir='ltr'>symboli</span> <span class='ocrx_word' id='word_1_63' title='bbox 531 1993 635 2054; x_wconf 89' lang='lat' dir='ltr'>verbis</span> <span class='ocrx_word' id='word_1_64' title='bbox 659 1993 731 2070; x_wconf 92' lang='lat' dir='ltr'>quid</span> <span class='ocrx_word' id='word_1_65' title='bbox 755 1993 931 2055; x_wconf 84' lang='grc'>3131313333</span> <span class='ocrx_word' id='word_1_66' title='bbox 954 1993 1186 2068; x_wconf 83' lang='lat' dir='ltr'>animarumque</span> <span class='ocrx_word' id='word_1_67' title='bbox 1205 1990 1247 2051; x_wconf 90' lang='lat' dir='ltr'>ibi</span> <span class='ocrx_word' id='word_1_68' title='bbox 1269 2005 1472 2051; x_wconf 81' lang='lat' dir='ltr'>commoran-</span> 
     </span>
     <span class='ocr_line' id='line_1_10' title="bbox 181 2077 1462 2157; baseline -0.005 -16"><span class='ocrx_word' id='word_1_69' title='bbox 181 2081 254 2143; x_wconf 91' lang='lat' dir='ltr'>tium</span> <span class='ocrx_word' id='word_1_70' title='bbox 279 2084 376 2154; x_wconf 92' lang='lat' dir='ltr'>statu,</span> <span class='ocrx_word' id='word_1_71' title='bbox 406 2079 479 2157; x_wconf 91' lang='lat' dir='ltr'>quid</span> <span class='ocrx_word' id='word_1_72' title='bbox 509 2079 545 2140; x_wconf 94' lang='lat' dir='ltr'>de</span> <span class='ocrx_word' id='word_1_73' title='bbox 575 2080 689 2140; x_wconf 85' lang='lat' dir='ltr'>Christi</span> <span class='ocrx_word' id='word_1_74' title='bbox 719 2078 934 2141; x_wconf 89' lang='lat' dir='ltr'>descendentis</span> <span class='ocrx_word' id='word_1_75' title='bbox 968 2077 1109 2146; x_wconf 87' lang='lat' dir='ltr'>oonsilio,</span> <span class='ocrx_word' id='word_1_76' title='bbox 1139 2095 1227 2149; x_wconf 84' lang='lat' dir='ltr'>cura,</span> <span class='ocrx_word' id='word_1_77' title='bbox 1256 2082 1365 2138; x_wconf 91' lang='lat' dir='ltr'>natura</span> <span class='ocrx_word' id='word_1_78' title='bbox 1394 2077 1462 2152; x_wconf 91' lang='lat' dir='ltr'>ipsa</span> 
     </span>
     <span class='ocr_line' id='line_1_11' title="bbox 182 2163 1544 2243; baseline -0.004 -16"><span class='ocrx_word' id='word_1_79' title='bbox 182 2171 371 2228; x_wconf 78' lang='lat' dir='ltr'>statueretur</span> <span class='ocrx_word' id='word_1_80' title='bbox 394 2167 552 2228; x_wconf 90' lang='lat' dir='ltr'>enucleate</span> <span class='ocrx_word' id='word_1_81' title='bbox 576 2165 659 2226; x_wconf 91' lang='lat' dir='ltr'>nullo</span> <span class='ocrx_word' id='word_1_82' title='bbox 683 2167 808 2236; x_wconf 89' lang='lat' dir='ltr'>omnino</span> <span class='ocrx_word' id='word_1_83' title='bbox 831 2170 971 2243; x_wconf 89' lang='lat' dir='ltr'>tempore</span> <span class='ocrx_word' id='word_1_84' title='bbox 993 2167 1076 2225; x_wconf 91' lang='lat' dir='ltr'>inter</span> <span class='ocrx_word' id='word_1_85' title='bbox 1103 2163 1463 2227; x_wconf 65' lang='lat' dir='ltr'>doctores‘Cbristianos</span> <span class='ocrx_word' id='word_1_86' title='bbox 1542 2224 1544 2234; x_wconf 56' lang='grc'>,</span> 
     </span>
     <span class='ocr_line' id='line_1_12' title="bbox 182 2246 1464 2330; baseline -0.005 -16"><span class='ocrx_word' id='word_1_87' title='bbox 182 2254 333 2314; x_wconf 89' lang='lat' dir='ltr'>convenit.</span> <span class='ocrx_word' id='word_1_88' title='bbox 365 2253 429 2313; x_wconf 90' lang='lat' dir='ltr'>Nos</span> <span class='ocrx_word' id='word_1_89' title='bbox 448 2254 526 2330; x_wconf 89' lang='lat' dir='ltr'>jam,</span> <span class='ocrx_word' id='word_1_90' title='bbox 550 2254 604 2329; x_wconf 92' lang='lat' dir='ltr'>qui</span> <span class='ocrx_word' id='word_1_91' title='bbox 626 2269 643 2311; x_wconf 94' lang='lat' dir='ltr'>a</span> <span class='ocrx_word' id='word_1_92' title='bbox 664 2251 799 2314; x_wconf 89' lang='lat' dir='ltr'>Luthero</span> <span class='ocrx_word' id='word_1_93' title='bbox 823 2270 934 2313; x_wconf 92' lang='lat' dir='ltr'>nomen</span> <span class='ocrx_word' id='word_1_94' title='bbox 955 2253 1119 2324; x_wconf 78' lang='lat' dir='ltr'>traximuS,</span> <span class='ocrx_word' id='word_1_95' title='bbox 1143 2249 1297 2328; x_wconf 89' lang='lat' dir='ltr'>quomodo</span> <span class='ocrx_word' id='word_1_96' title='bbox 1312 2246 1464 2325; x_wconf 82' lang='lat' dir='ltr'>interpre-</span> 
     </span>
     <span class='ocr_line' id='line_1_13' title="bbox 182 2334 1464 2422; baseline -0.004 -23"><span class='ocrx_word' id='word_1_97' title='bbox 182 2339 438 2416; x_wconf 80' lang='lat' dir='ltr'>temnr&#39;symboli</span> <span class='ocrx_word' id='word_1_98' title='bbox 467 2339 632 2422; x_wconf 88' lang='lat' dir='ltr'>apostolici</span> <span class='ocrx_word' id='word_1_99' title='bbox 652 2339 767 2420; x_wconf 76' lang='lat' dir='ltr'>rerba„</span> <span class='ocrx_word' id='word_1_100' title='bbox 782 2357 839 2417; x_wconf 96' lang='lat' dir='ltr'>per</span> <span class='ocrx_word' id='word_1_101' title='bbox 860 2339 1009 2400; x_wconf 88' lang='lat' dir='ltr'>formulae</span> <span class='ocrx_word' id='word_1_102' title='bbox 1038 2337 1219 2406; x_wconf 82' lang='lat' dir='ltr'>concordiae</span> <span class='ocrx_word' id='word_1_103' title='bbox 1247 2353 1325 2414; x_wconf 91' lang='lat' dir='ltr'>quae</span> <span class='ocrx_word' id='word_1_104' title='bbox 1353 2334 1464 2395; x_wconf 90' lang='lat' dir='ltr'>dieitur</span> 
     </span>
     <span class='ocr_line' id='line_1_14' title="bbox 181 2419 1506 2512; baseline -0.007 -27"><span class='ocrx_word' id='word_1_105' title='bbox 181 2426 343 2486; x_wconf 90' lang='lat' dir='ltr'>articulum</span> <span class='ocrx_word' id='word_1_106' title='bbox 367 2442 480 2487; x_wconf 93' lang='lat' dir='ltr'>nonum</span> <span class='ocrx_word' id='word_1_107' title='bbox 501 2425 655 2502; x_wconf 90' lang='lat' dir='ltr'>aliquanto</span> <span class='ocrx_word' id='word_1_108' title='bbox 680 2419 777 2512; x_wconf 84' lang='lat' dir='ltr'>magis</span> <span class='ocrx_word' id='word_1_109' title='bbox 801 2425 925 2488; x_wconf 86' lang='lat' dir='ltr'>definite</span> <span class='ocrx_word' id='word_1_110' title='bbox 953 2426 1219 2502; x_wconf 89' lang='lat' dir='ltr'>circumscriptum</span> <span class='ocrx_word' id='word_1_111' title='bbox 1242 2422 1372 2486; x_wconf 89' lang='lat' dir='ltr'>videtur.</span> <span class='ocrx_word' id='word_1_112' title='bbox 1403 2420 1464 2482; x_wconf 88' lang='lat' dir='ltr'>Ne·</span> <span class='ocrx_word' id='word_1_113' title='bbox 1504 2472 1506 2476; x_wconf 87' lang='lat'>.</span> 
     </span>
     <span class='ocr_line' id='line_1_15' title="bbox 182 2508 1461 2590; baseline -0.004 -18"><span class='ocrx_word' id='word_1_114' title='bbox 182 2529 241 2589; x_wconf 85' lang='lat' dir='ltr'>que</span> <span class='ocrx_word' id='word_1_115' title='bbox 264 2515 367 2572; x_wconf 88' lang='lat' dir='ltr'>tamen</span> <span class='ocrx_word' id='word_1_116' title='bbox 382 2511 439 2572; x_wconf 86' lang='lat' dir='ltr'>hac</span> <span class='ocrx_word' id='word_1_117' title='bbox 460 2514 580 2572; x_wconf 87' lang='lat' dir='ltr'>ratione</span> <span class='ocrx_word' id='word_1_118' title='bbox 596 2515 676 2572; x_wconf 90' lang='lat' dir='ltr'>inter</span> <span class='ocrx_word' id='word_1_119' title='bbox 690 2512 884 2574; x_wconf 88' lang='lat' dir='ltr'>Lutberanos</span> <span class='ocrx_word' id='word_1_120' title='bbox 900 2515 986 2590; x_wconf 89' lang='lat' dir='ltr'>ipsos</span> <span class='ocrx_word' id='word_1_121' title='bbox 1003 2511 1142 2572; x_wconf 89' lang='lat' dir='ltr'>sublatus</span> <span class='ocrx_word' id='word_1_122' title='bbox 1159 2514 1208 2572; x_wconf 91' lang='lat' dir='ltr'>est</span> <span class='ocrx_word' id='word_1_123' title='bbox 1222 2510 1273 2571; x_wconf 92' lang='lat' dir='ltr'>ille</span> <span class='ocrx_word' id='word_1_124' title='bbox 1290 2508 1461 2570; x_wconf 88' lang='lat' dir='ltr'>dissensus.</span> 
     </span>
     <span class='ocr_line' id='line_1_16' title="bbox 181 2595 1523 2675; baseline -0.007 -16"><span class='ocrx_word' id='word_1_125' title='bbox 181 2598 275 2659; x_wconf 86' lang='lat' dir='ltr'>Immo</span> <span class='ocrx_word' id='word_1_126' title='bbox 299 2597 437 2658; x_wconf 88' lang='lat' dir='ltr'>videmus</span> <span class='ocrx_word' id='word_1_127' title='bbox 461 2615 476 2656; x_wconf 96' lang='lat' dir='ltr'>a</span> <span class='ocrx_word' id='word_1_128' title='bbox 501 2598 629 2674; x_wconf 81' lang='lat' dir='ltr'>singulis</span> <span class='ocrx_word' id='word_1_129' title='bbox 648 2600 713 2675; x_wconf 88' lang='lat' dir='ltr'>jam</span> <span class='ocrx_word' id='word_1_130' title='bbox 736 2598 860 2660; x_wconf 88' lang='lat' dir='ltr'>saeculo</span> <span class='ocrx_word' id='word_1_131' title='bbox 878 2604 963 2675; x_wconf 90' lang='lat' dir='ltr'>post,</span> <span class='ocrx_word' id='word_1_132' title='bbox 982 2616 999 2657; x_wconf 91' lang='lat' dir='ltr'>a</span> <span class='ocrx_word' id='word_1_133' title='bbox 1022 2597 1212 2659; x_wconf 87' lang='lat' dir='ltr'>nostratibus</span> <span class='ocrx_word' id='word_1_134' title='bbox 1234 2597 1300 2657; x_wconf 88' lang='grc'>1333</span> <span class='ocrx_word' id='word_1_135' title='bbox 1321 2595 1462 2656; x_wconf 88' lang='lat' dir='ltr'>omnibus</span> <span class='ocrx_word' id='word_1_136' title='bbox 1518 2643 1523 2649; x_wconf 90' lang='grc'><em>,</em></span> 
     </span>
     <span class='ocr_line' id='line_1_17' title="bbox 181 2681 1532 2762; baseline -0.003 -18"><span class='ocrx_word' id='word_1_137' title='bbox 181 2683 308 2746; x_wconf 86' lang='lat' dir='ltr'>itherius</span> <span class='ocrx_word' id='word_1_138' title='bbox 332 2701 427 2762; x_wconf 90' lang='lat' dir='ltr'>quarn</span> <span class='ocrx_word' id='word_1_139' title='bbox 446 2702 579 2762; x_wconf 91' lang='lat' dir='ltr'>unquam</span> <span class='ocrx_word' id='word_1_140' title='bbox 602 2683 639 2744; x_wconf 92' lang='lat' dir='ltr'>de</span> <span class='ocrx_word' id='word_1_141' title='bbox 668 2684 808 2761; x_wconf 81' lang='lat' dir='ltr'>dogmate</span> <span class='ocrx_word' id='word_1_142' title='bbox 839 2687 899 2744; x_wconf 93' lang='lat' dir='ltr'>isto</span> <span class='ocrx_word' id='word_1_143' title='bbox 931 2685 1081 2762; x_wconf 90' lang='lat' dir='ltr'>disputari</span> <span class='ocrx_word' id='word_1_144' title='bbox 1109 2688 1140 2745; x_wconf 92' lang='lat' dir='ltr'>et</span> <span class='ocrx_word' id='word_1_145' title='bbox 1166 2701 1244 2761; x_wconf 89' lang='lat' dir='ltr'>quae</span> <span class='ocrx_word' id='word_1_146' title='bbox 1272 2684 1304 2744; x_wconf 93' lang='lat' dir='ltr'>in</span> <span class='ocrx_word' id='word_1_147' title='bbox 1332 2681 1464 2743; x_wconf 85' lang='lat' dir='ltr'>formula</span> <span class='ocrx_word' id='word_1_148' title='bbox 1530 2709 1532 2715; x_wconf 51' lang='lat'><strong><em>¹</em></strong></span> 
     </span>
     <span class='ocr_line' id='line_1_18' title="bbox 183 2770 1464 2849; baseline -0.002 -19"><span class='ocrx_word' id='word_1_149' title='bbox 183 2775 288 2832; x_wconf 84' lang='lat' dir='ltr'>nostra</span> <span class='ocrx_word' id='word_1_150' title='bbox 310 2772 469 2849; x_wconf 89' lang='lat' dir='ltr'>proposita</span> <span class='ocrx_word' id='word_1_151' title='bbox 494 2774 579 2832; x_wconf 88' lang='lat' dir='ltr'>esset</span> <span class='ocrx_word' id='word_1_152' title='bbox 601 2774 771 2843; x_wconf 90' lang='lat' dir='ltr'>sententia,</span> <span class='ocrx_word' id='word_1_153' title='bbox 796 2773 824 2832; x_wconf 94' lang='grc'>31</span> <span class='ocrx_word' id='word_1_154' title='bbox 840 2773 992 2832; x_wconf 92' lang='lat' dir='ltr'>rationem</span> <span class='ocrx_word' id='word_1_155' title='bbox 1008 2770 1174 2848; x_wconf 89' lang='lat' dir='ltr'>abjudicari</span> <span class='ocrx_word' id='word_1_156' title='bbox 1190 2775 1308 2832; x_wconf 90' lang='lat' dir='ltr'>tantum</span> <span class='ocrx_word' id='word_1_157' title='bbox 1323 2785 1384 2831; x_wconf 91' lang='lat' dir='ltr'>non</span> <span class='ocrx_word' id='word_1_158' title='bbox 1401 2785 1464 2828; x_wconf 89' lang='lat' dir='ltr'>om·</span> 
     </span>
     <span class='ocr_line' id='line_1_19' title="bbox 183 2853 1465 2936; baseline -0.005 -16"><span class='ocrx_word' id='word_1_159' title='bbox 183 2873 261 2920; x_wconf 85' lang='lat' dir='ltr'>uem.</span> <span class='ocrx_word' id='word_1_160' title='bbox 313 2856 468 2917; x_wconf 85' lang='lat' dir='ltr'>Christum</span> <span class='ocrx_word' id='word_1_161' title='bbox 497 2862 636 2930; x_wconf 88' lang='lat' dir='ltr'>totum,</span> <span class='ocrx_word' id='word_1_162' title='bbox 672 2873 801 2936; x_wconf 86' lang='lat' dir='ltr'>corpore</span> <span class='ocrx_word' id='word_1_163' title='bbox 830 2859 948 2918; x_wconf 89' lang='lat' dir='ltr'>animae</span> <span class='ocrx_word' id='word_1_164' title='bbox 976 2857 1118 2935; x_wconf 88' lang='lat' dir='ltr'>adjuncto</span> <span class='ocrx_word' id='word_1_165' title='bbox 1146 2856 1346 2918; x_wconf 86' lang='lat' dir='ltr'>descendisse</span> <span class='ocrx_word' id='word_1_166' title='bbox 1374 2853 1465 2914; x_wconf 90' lang='lat' dir='ltr'>docet</span> 
     </span>
     <span class='ocr_line' id='line_1_20' title="bbox 183 2943 1463 3022; baseline -0.003 -19"><span class='ocrx_word' id='word_1_167' title='bbox 183 2943 325 3018; x_wconf 78' lang='lat' dir='ltr'>norma⁸3</span> <span class='ocrx_word' id='word_1_168' title='bbox 345 2948 452 3003; x_wconf 89' lang='lat' dir='ltr'>contra</span> <span class='ocrx_word' id='word_1_169' title='bbox 470 2945 623 3003; x_wconf 88' lang='lat' dir='ltr'>animam</span> <span class='ocrx_word' id='word_1_170' title='bbox 641 2944 755 3004; x_wconf 89' lang='lat' dir='ltr'>solam</span> <span class='ocrx_word' id='word_1_171' title='bbox 773 2961 905 3021; x_wconf 91' lang='lat' dir='ltr'>corpore</span> <span class='ocrx_word' id='word_1_172' title='bbox 923 2946 954 3004; x_wconf 92' lang='lat' dir='ltr'>in</span> <span class='ocrx_word' id='word_1_173' title='bbox 971 2944 1113 3022; x_wconf 87' lang='lat' dir='ltr'>sepulcro</span> <span class='ocrx_word' id='word_1_174' title='bbox 1130 2944 1271 3022; x_wconf 91' lang='lat' dir='ltr'>deposito</span> <span class='ocrx_word' id='word_1_175' title='bbox 1287 2945 1368 3003; x_wconf 89' lang='lat' dir='ltr'>inter</span> <span class='ocrx_word' id='word_1_176' title='bbox 1383 2957 1463 3004; x_wconf 88' lang='lat' dir='ltr'>mor-</span> 
     </span>
    </p>
   </div>
   <div class='ocr_carea' id='block_1_3' title="bbox 58 3026 1465 3106">
    <p class='ocr_par' dir='ltr' id='par_1_3' title="bbox 58 3026 1465 3106">
     <span class='ocr_line' id='line_1_21' title="bbox 58 3026 1465 3106; baseline -0.001 -16"><span class='ocrx_word' id='word_1_177' title='bbox 58 3037 61 3044; x_wconf 86' lang='lat'>&#39;</span> <span class='ocrx_word' id='word_1_178' title='bbox 128 3057 131 3070; x_wconf 84' lang='lat'><em>=</em></span> <span class='ocrx_word' id='word_1_179' title='bbox 182 3035 254 3090; x_wconf 90' lang='lat' dir='ltr'>tuos</span> <span class='ocrx_word' id='word_1_180' title='bbox 272 3031 732 3090; x_wconf 78' lang='lat' dir='ltr'>cominoratamanostratibns</span> <span class='ocrx_word' id='word_1_181' title='bbox 751 3032 827 3091; x_wconf 88' lang='lat' dir='ltr'>satis</span> <span class='ocrx_word' id='word_1_182' title='bbox 844 3031 947 3092; x_wconf 93' lang='lat' dir='ltr'>multis</span> <span class='ocrx_word' id='word_1_183' title='bbox 963 3030 1136 3096; x_wconf 87' lang='lat' dir='ltr'>edocemur.</span> <span class='ocrx_word' id='word_1_184' title='bbox 1167 3026 1465 3106; x_wconf 81' lang='lat' dir='ltr'>Triumphumde</span> 
     </span>
    </p>
   </div>
   <div class='ocr_carea' id='block_1_4' title="bbox 146 3113 1531 3465">
    <p class='ocr_par' dir='ltr' id='par_1_4' title="bbox 146 3113 1531 3465">
     <span class='ocr_line' id='line_1_22' title="bbox 183 3113 1465 3196; baseline -0.002 -20"><span class='ocrx_word' id='word_1_185' title='bbox 183 3113 335 3176; x_wconf 91' lang='lat' dir='ltr'>diabolo</span> <span class='ocrx_word' id='word_1_186' title='bbox 351 3132 512 3194; x_wconf 88' lang='lat' dir='ltr'>regnoque</span> <span class='ocrx_word' id='word_1_187' title='bbox 529 3117 597 3192; x_wconf 89' lang='lat' dir='ltr'>ejus</span> <span class='ocrx_word' id='word_1_188' title='bbox 615 3122 756 3193; x_wconf 87' lang='lat' dir='ltr'>agentem</span> <span class='ocrx_word' id='word_1_189' title='bbox 775 3119 956 3195; x_wconf 84' lang='lat' dir='ltr'>apparuisse</span> <span class='ocrx_word' id='word_1_190' title='bbox 974 3119 1139 3178; x_wconf 84' lang='lat' dir='ltr'>ininferna</span> <span class='ocrx_word' id='word_1_191' title='bbox 1155 3117 1309 3196; x_wconf 88' lang='lat' dir='ltr'>Christum</span> <span class='ocrx_word' id='word_1_192' title='bbox 1324 3117 1382 3175; x_wconf 87' lang='lat' dir='ltr'>fuit</span> <span class='ocrx_word' id='word_1_193' title='bbox 1396 3131 1465 3176; x_wconf 93' lang='lat' dir='ltr'>sen-</span> 
     </span>
     <span class='ocr_line' id='line_1_23' title="bbox 182 3200 1531 3282; baseline -0.001 -21"><span class='ocrx_word' id='word_1_194' title='bbox 182 3203 278 3262; x_wconf 88' lang='lat' dir='ltr'>tentia</span> <span class='ocrx_word' id='word_1_195' title='bbox 294 3201 453 3263; x_wconf 86' lang='lat' dir='ltr'>doctorum</span> <span class='ocrx_word' id='word_1_196' title='bbox 468 3201 636 3262; x_wconf 88' lang='lat' dir='ltr'>Lutherum</span> <span class='ocrx_word' id='word_1_197' title='bbox 653 3205 862 3281; x_wconf 89' lang='lat' dir='ltr'>sequentium;</span> <span class='ocrx_word' id='word_1_198' title='bbox 887 3205 1123 3282; x_wconf 86' lang='lat' dir='ltr'>evangelium</span> <span class='ocrx_word' id='word_1_199' title='bbox 1147 3205 1277 3265; x_wconf 88' lang='lat' dir='ltr'>mortuis</span> <span class='ocrx_word' id='word_1_200' title='bbox 1301 3200 1483 3282; x_wconf 72' lang='lat' dir='ltr'>praedi·¹</span> <span class='ocrx_word' id='word_1_201' title='bbox 1527 3210 1531 3214; x_wconf 84' lang='grc'><strong><em>·</em></strong></span> 
     </span>
     <span class='ocr_line' id='line_1_24' title="bbox 146 3290 1463 3368; baseline 0 -21"><span class='ocrx_word' id='word_1_202' title='bbox 146 3351 148 3356; x_wconf 70' lang='grc'>,</span> <span class='ocrx_word' id='word_1_203' title='bbox 185 3292 327 3348; x_wconf 83' lang='lat' dir='ltr'>cantem</span> <span class='ocrx_word' id='word_1_204' title='bbox 347 3294 507 3365; x_wconf 89' lang='lat' dir='ltr'>opponunt</span> <span class='ocrx_word' id='word_1_205' title='bbox 522 3290 587 3348; x_wconf 87' lang='grc'>1333</span> <span class='ocrx_word' id='word_1_206' title='bbox 605 3292 711 3368; x_wconf 86' lang='lat' dir='ltr'>quiqui</span> <span class='ocrx_word' id='word_1_207' title='bbox 726 3290 817 3351; x_wconf 88' lang='lat' dir='ltr'>hodie</span> <span class='ocrx_word' id='word_1_208' title='bbox 833 3308 898 3352; x_wconf 91' lang='lat' dir='ltr'>rem</span> <span class='ocrx_word' id='word_1_209' title='bbox 913 3295 1100 3363; x_wconf 88' lang='lat' dir='ltr'>tractavere,</span> <span class='ocrx_word' id='word_1_210' title='bbox 1126 3295 1218 3368; x_wconf 91' lang='lat' dir='ltr'>atque</span> <span class='ocrx_word' id='word_1_211' title='bbox 1234 3292 1314 3350; x_wconf 90' lang='lat' dir='ltr'>inter</span> <span class='ocrx_word' id='word_1_212' title='bbox 1331 3305 1385 3350; x_wconf 94' lang='lat' dir='ltr'>eos</span> <span class='ocrx_word' id='word_1_213' title='bbox 1402 3304 1463 3348; x_wconf 92' lang='lat' dir='ltr'>non</span> 
     </span>
     <span class='ocr_line' id='line_1_25' title="bbox 184 3371 1444 3465; baseline 0.002 -32"><span class='ocrx_word' id='word_1_214' title='bbox 184 3376 272 3450; x_wconf 87' lang='lat' dir='ltr'>pauci</span> <span class='ocrx_word' id='word_1_215' title='bbox 294 3374 496 3465; x_wconf 85' lang='lat' dir='ltr'>quireliquis</span> <span class='ocrx_word' id='word_1_216' title='bbox 520 3373 668 3437; x_wconf 86' lang='lat' dir='ltr'>eeclesiae</span> <span class='ocrx_word' id='word_1_217' title='bbox 691 3382 817 3438; x_wconf 88' lang='lat' dir='ltr'>nostrae</span> <span class='ocrx_word' id='word_1_218' title='bbox 842 3376 993 3454; x_wconf 83' lang='lat' dir='ltr'>dogmatis</span> <span class='ocrx_word' id='word_1_219' title='bbox 1016 3376 1196 3444; x_wconf 89' lang='lat' dir='ltr'>fidelissime</span> <span class='ocrx_word' id='word_1_220' title='bbox 1220 3371 1444 3454; x_wconf 67' lang='lat' dir='ltr'>obsequantur}</span> 
     </span>
    </p>
   </div>
   <div class='ocr_carea' id='block_1_5' title="bbox 191 3501 386 3512">
    <p class='ocr_par' dir='ltr' id='par_1_5' title="bbox 191 3501 386 3512">
     <span class='ocr_line' id='line_1_26' title="bbox 191 3501 386 3512; baseline 0.01 -2"><span class='ocrx_word' id='word_1_221' title='bbox 191 3501 386 3512; x_wconf 55' lang='lat' dir='ltr'>m</span> 
     </span>
    </p>
   </div>
   <div class='ocr_carea' id='block_1_6' title="bbox 181 3558 1474 4184">
    <p class='ocr_par' dir='ltr' id='par_1_6' title="bbox 252 3558 1233 3632">
     <span class='ocr_line' id='line_1_27' title="bbox 252 3558 1233 3632; baseline 0.007 -21"><span class='ocrx_word' id='word_1_222' title='bbox 252 3562 275 3612; x_wconf 95' lang='grc'>1.</span> <span class='ocrx_word' id='word_1_223' title='bbox 296 3558 376 3612; x_wconf 76' lang='lat' dir='ltr'>Bata</span> <span class='ocrx_word' id='word_1_224' title='bbox 395 3561 539 3614; x_wconf 74' lang='lat' dir='ltr'>Bittiottek</span> <span class='ocrx_word' id='word_1_225' title='bbox 556 3565 602 3614; x_wconf 82' lang='lat' dir='ltr'>der</span> <span class='ocrx_word' id='word_1_226' title='bbox 620 3565 745 3630; x_wconf 78' lang='lat' dir='ltr'>Symbola.</span> <span class='ocrx_word' id='word_1_227' title='bbox 777 3559 1233 3632; x_wconf 68' lang='lat' dir='ltr'>breslau1842p.1os.170.173.</span> 
     </span>
    </p>

    <p class='ocr_par' dir='ltr' id='par_1_7' title="bbox 181 3627 1474 4184">
     <span class='ocr_line' id='line_1_28' title="bbox 252 3627 1465 3702; baseline 0.002 -23"><span class='ocrx_word' id='word_1_228' title='bbox 252 3630 276 3680; x_wconf 82' lang='lat'>2.</span> <span class='ocrx_word' id='word_1_229' title='bbox 300 3627 355 3690; x_wconf 83' lang='grc'>033</span> <span class='ocrx_word' id='word_1_230' title='bbox 374 3630 501 3698; x_wconf 81' lang='lat' dir='ltr'>singulari</span> <span class='ocrx_word' id='word_1_231' title='bbox 525 3646 603 3683; x_wconf 88' lang='lat' dir='ltr'>cansa</span> <span class='ocrx_word' id='word_1_232' title='bbox 628 3635 723 3684; x_wconf 85' lang='lat' dir='ltr'>lactum</span> <span class='ocrx_word' id='word_1_233' title='bbox 747 3635 791 3693; x_wconf 92' lang='grc'>311,</span> <span class='ocrx_word' id='word_1_234' title='bbox 817 3639 845 3686; x_wconf 93' lang='grc'>31</span> <span class='ocrx_word' id='word_1_235' title='bbox 866 3634 987 3702; x_wconf 87' lang='lat' dir='ltr'>symbolo</span> <span class='ocrx_word' id='word_1_236' title='bbox 1012 3635 1158 3702; x_wconf 90' lang='lat' dir='ltr'>apostolico</span> <span class='ocrx_word' id='word_1_237' title='bbox 1176 3633 1289 3700; x_wconf 89' lang='lat' dir='ltr'>denique</span> <span class='ocrx_word' id='word_1_238' title='bbox 1307 3629 1465 3683; x_wconf 88' lang='lat' dir='ltr'>adderentur</span> 
     </span>
     <span class='ocr_line' id='line_1_29' title="bbox 187 3695 1464 3770; baseline 0.004 -24"><span class='ocrx_word' id='word_1_239' title='bbox 187 3695 265 3747; x_wconf 86' lang='lat' dir='ltr'>verba</span> <span class='ocrx_word' id='word_1_240' title='bbox 284 3697 343 3758; x_wconf 93' lang='lat' dir='ltr'>illa,</span> <span class='ocrx_word' id='word_1_241' title='bbox 367 3713 419 3749; x_wconf 92' lang='lat' dir='ltr'>non</span> <span class='ocrx_word' id='word_1_242' title='bbox 443 3699 534 3766; x_wconf 90' lang='lat' dir='ltr'>liquet.</span> <span class='ocrx_word' id='word_1_243' title='bbox 572 3700 647 3753; x_wconf 87' lang='lat' dir='ltr'>Certe</span> <span class='ocrx_word' id='word_1_244' title='bbox 671 3704 892 3770; x_wconf 26' lang='lat' dir='ltr'>quamxplerique</span> <span class='ocrx_word' id='word_1_245' title='bbox 917 3706 976 3754; x_wconf 89' lang='lat' dir='ltr'>ante</span> <span class='ocrx_word' id='word_1_246' title='bbox 1000 3705 1083 3756; x_wconf 87' lang='lat' dir='ltr'>secuti</span> <span class='ocrx_word' id='word_1_247' title='bbox 1109 3709 1170 3756; x_wconf 90' lang='grc'>3331</span> <span class='ocrx_word' id='word_1_248' title='bbox 1194 3702 1350 3755; x_wconf 88' lang='lat' dir='ltr'>sententiam</span> <span class='ocrx_word' id='word_1_249' title='bbox 1368 3699 1464 3768; x_wconf 82' lang='lat' dir='ltr'>llingii,</span> 
     </span>
     <span class='ocr_line' id='line_1_30' title="bbox 185 3766 1474 3840; baseline 0.003 -24"><span class='ocrx_word' id='word_1_250' title='bbox 185 3766 337 3833; x_wconf 85' lang='lat' dir='ltr'>interposita</span> <span class='ocrx_word' id='word_1_251' title='bbox 358 3781 417 3820; x_wconf 87' lang='lat' dir='ltr'>esse</span> <span class='ocrx_word' id='word_1_252' title='bbox 436 3772 465 3819; x_wconf 92' lang='grc'>31</span> <span class='ocrx_word' id='word_1_253' title='bbox 481 3769 548 3820; x_wconf 80' lang='lat' dir='ltr'>salsa</span> <span class='ocrx_word' id='word_1_254' title='bbox 567 3771 811 3836; x_wconf 86' lang='lat' dir='ltr'>Apollinaristarum</span> <span class='ocrx_word' id='word_1_255' title='bbox 830 3771 862 3824; x_wconf 87' lang='grc'>13</span> <span class='ocrx_word' id='word_1_256' title='bbox 880 3771 974 3823; x_wconf 84' lang='lat' dir='ltr'>Christi</span> <span class='ocrx_word' id='word_1_257' title='bbox 993 3779 1083 3825; x_wconf 91' lang='lat' dir='ltr'>natura</span> <span class='ocrx_word' id='word_1_258' title='bbox 1102 3773 1191 3840; x_wconf 92' lang='lat' dir='ltr'>opinio</span> <span class='ocrx_word' id='word_1_259' title='bbox 1211 3771 1407 3838; x_wconf 85' lang='lat' dir='ltr'>reprobaretur,</span> <span class='ocrx_word' id='word_1_260' title='bbox 1432 3769 1474 3834; x_wconf 73' lang='grc'>31,</span> 
     </span>
     <span class='ocr_line' id='line_1_31' title="bbox 184 3835 1465 3906; baseline 0.003 -20"><span class='ocrx_word' id='word_1_261' title='bbox 184 3849 240 3887; x_wconf 86' lang='lat' dir='ltr'>eam</span> <span class='ocrx_word' id='word_1_262' title='bbox 260 3837 401 3902; x_wconf 88' lang='lat' dir='ltr'>quominus</span> <span class='ocrx_word' id='word_1_263' title='bbox 420 3835 571 3898; x_wconf 83' lang='lat' dir='ltr'>redeamus,</span> <span class='ocrx_word' id='word_1_264' title='bbox 590 3839 687 3905; x_wconf 85' lang='lat' dir='ltr'>Helger</span> <span class='ocrx_word' id='word_1_265' title='bbox 702 3839 801 3906; x_wconf 89' lang='lat' dir='ltr'>Waage</span> <span class='ocrx_word' id='word_1_266' title='bbox 819 3842 845 3892; x_wconf 95' lang='lat' dir='ltr'>in</span> <span class='ocrx_word' id='word_1_267' title='bbox 866 3844 1086 3893; x_wconf 88' lang='lat' dir='ltr'>commentatione</span> <span class='ocrx_word' id='word_1_268' title='bbox 1105 3857 1151 3894; x_wconf 88' lang='grc'>333</span> <span class='ocrx_word' id='word_1_269' title='bbox 1165 3840 1317 3893; x_wconf 89' lang='lat' dir='ltr'>doctissima</span> <span class='ocrx_word' id='word_1_270' title='bbox 1336 3838 1369 3890; x_wconf 92' lang='lat' dir='ltr'>de</span> <span class='ocrx_word' id='word_1_271' title='bbox 1387 3840 1465 3904; x_wconf 88' lang='lat' dir='ltr'>hujus</span> 
     </span>
     <span class='ocr_line' id='line_1_32' title="bbox 183 3904 1466 3978; baseline 0.005 -25"><span class='ocrx_word' id='word_1_272' title='bbox 183 3904 287 3954; x_wconf 83' lang='lat' dir='ltr'>articuli</span> <span class='ocrx_word' id='word_1_273' title='bbox 305 3909 389 3957; x_wconf 88' lang='lat' dir='ltr'>aetate</span> <span class='ocrx_word' id='word_1_274' title='bbox 408 3907 476 3958; x_wconf 82' lang='lat' dir='ltr'>viam</span> <span class='ocrx_word' id='word_1_275' title='bbox 495 3906 655 3974; x_wconf 86' lang='lat' dir='ltr'>praecidisse</span> <span class='ocrx_word' id='word_1_276' title='bbox 668 3907 779 3960; x_wconf 85' lang='lat' dir='ltr'>videtur.</span> <span class='ocrx_word' id='word_1_277' title='bbox 808 3909 841 3961; x_wconf 88' lang='lat' dir='ltr'>Et</span> <span class='ocrx_word' id='word_1_278' title='bbox 858 3910 938 3961; x_wconf 87' lang='lat' dir='ltr'>altera</span> <span class='ocrx_word' id='word_1_279' title='bbox 957 3926 1041 3978; x_wconf 90' lang='lat' dir='ltr'>nuper</span> <span class='ocrx_word' id='word_1_280' title='bbox 1059 3916 1130 3972; x_wconf 88' lang='grc'>33313</span> <span class='ocrx_word' id='word_1_281' title='bbox 1148 3925 1162 3962; x_wconf 89' lang='grc'>3</span> <span class='ocrx_word' id='word_1_282' title='bbox 1178 3908 1298 3962; x_wconf 80' lang='grc'>(1331333</span> <span class='ocrx_word' id='word_1_283' title='bbox 1319 3909 1371 3972; x_wconf 83' lang='lat' dir='ltr'>(die</span> <span class='ocrx_word' id='word_1_284' title='bbox 1383 3909 1466 3961; x_wconf 77' lang='lat' dir='ltr'>Labra</span> 
     </span>
     <span class='ocr_line' id='line_1_33' title="bbox 181 3973 1465 4047; baseline 0.005 -24"><span class='ocrx_word' id='word_1_285' title='bbox 181 3991 233 4024; x_wconf 82' lang='grc'>3333</span> <span class='ocrx_word' id='word_1_286' title='bbox 249 3975 295 4024; x_wconf 83' lang='lat' dir='ltr'>der</span> <span class='ocrx_word' id='word_1_287' title='bbox 307 3973 487 4043; x_wconf 71' lang='lat' dir='ltr'>Bracheinuaq</span> <span class='ocrx_word' id='word_1_288' title='bbox 502 3976 567 4028; x_wconf 77' lang='grc'>1333</span> <span class='ocrx_word' id='word_1_289' title='bbox 581 3977 678 4029; x_wconf 80' lang='lat' dir='ltr'>Christi</span> <span class='ocrx_word' id='word_1_290' title='bbox 695 3987 770 4029; x_wconf 77' lang='lat' dir='ltr'>anter</span> <span class='ocrx_word' id='word_1_291' title='bbox 787 3980 836 4030; x_wconf 80' lang='lat' dir='ltr'>den</span> <span class='ocrx_word' id='word_1_292' title='bbox 851 3980 954 4031; x_wconf 84' lang='lat' dir='ltr'>Todten.</span> <span class='ocrx_word' id='word_1_293' title='bbox 979 3981 1132 4033; x_wconf 75' lang='grc'>1133311853</span> <span class='ocrx_word' id='word_1_294' title='bbox 1151 3996 1177 4047; x_wconf 87' lang='lat' dir='ltr'>p.</span> <span class='ocrx_word' id='word_1_295' title='bbox 1192 3981 1240 4033; x_wconf 83' lang='grc'>178</span> <span class='ocrx_word' id='word_1_296' title='bbox 1254 3978 1305 4045; x_wconf 88' lang='lat' dir='ltr'>sq.)</span> <span class='ocrx_word' id='word_1_297' title='bbox 1326 3978 1465 4044; x_wconf 87' lang='lat' dir='ltr'>reprobata</span> 
     </span>
     <span class='ocr_line' id='line_1_34' title="bbox 184 4043 1465 4114; baseline 0.004 -22"><span class='ocrx_word' id='word_1_298' title='bbox 184 4046 225 4093; x_wconf 86' lang='lat' dir='ltr'>est</span> <span class='ocrx_word' id='word_1_299' title='bbox 243 4044 408 4107; x_wconf 87' lang='lat' dir='ltr'>conjectura,</span> <span class='ocrx_word' id='word_1_300' title='bbox 428 4043 573 4095; x_wconf 88' lang='lat' dir='ltr'>doctrinam</span> <span class='ocrx_word' id='word_1_301' title='bbox 592 4045 662 4096; x_wconf 88' lang='lat' dir='ltr'>illam</span> <span class='ocrx_word' id='word_1_302' title='bbox 682 4046 713 4098; x_wconf 92' lang='lat' dir='ltr'>de</span> <span class='ocrx_word' id='word_1_303' title='bbox 733 4049 886 4114; x_wconf 86' lang='lat' dir='ltr'>purgatorio</span> <span class='ocrx_word' id='word_1_304' title='bbox 905 4048 1132 4102; x_wconf 88' lang='lat' dir='ltr'>increbescentem</span> <span class='ocrx_word' id='word_1_305' title='bbox 1151 4063 1257 4101; x_wconf 89' lang='lat' dir='ltr'>oausam</span> <span class='ocrx_word' id='word_1_306' title='bbox 1276 4047 1408 4099; x_wconf 86' lang='lat' dir='ltr'>exstitisse</span> <span class='ocrx_word' id='word_1_307' title='bbox 1427 4047 1465 4097; x_wconf 92' lang='lat' dir='ltr'>in·</span> 
     </span>
     <span class='ocr_line' id='line_1_35' title="bbox 183 4109 1465 4184; baseline 0.005 -24"><span class='ocrx_word' id='word_1_308' title='bbox 183 4109 290 4162; x_wconf 88' lang='lat' dir='ltr'>serendi</span> <span class='ocrx_word' id='word_1_309' title='bbox 308 4112 385 4178; x_wconf 89' lang='lat' dir='ltr'>hujus</span> <span class='ocrx_word' id='word_1_310' title='bbox 404 4113 515 4165; x_wconf 89' lang='lat' dir='ltr'>articuli.</span> <span class='ocrx_word' id='word_1_311' title='bbox 552 4113 682 4176; x_wconf 86' lang='lat' dir='ltr'>Primum,</span> <span class='ocrx_word' id='word_1_312' title='bbox 700 4122 824 4182; x_wconf 91' lang='lat' dir='ltr'>qnantum</span> <span class='ocrx_word' id='word_1_313' title='bbox 850 4115 954 4184; x_wconf 87' lang='lat' dir='ltr'>quidem</span> <span class='ocrx_word' id='word_1_314' title='bbox 979 4133 1025 4184; x_wconf 89' lang='lat' dir='ltr'>per</span> <span class='ocrx_word' id='word_1_315' title='bbox 1049 4117 1205 4170; x_wconf 84' lang='lat' dir='ltr'>documenta</span> <span class='ocrx_word' id='word_1_316' title='bbox 1231 4131 1297 4184; x_wconf 89' lang='lat' dir='ltr'>qnae</span> <span class='ocrx_word' id='word_1_317' title='bbox 1321 4115 1399 4168; x_wconf 92' lang='lat' dir='ltr'>hodie</span> <span class='ocrx_word' id='word_1_318' title='bbox 1423 4131 1465 4167; x_wconf 91' lang='lat' dir='ltr'>su·</span> 
     </span>
    </p>
   </div>
   <div class='ocr_carea' id='block_1_7' title="bbox 73 4175 1464 4250">
    <p class='ocr_par' dir='ltr' id='par_1_8' title="bbox 73 4175 1464 4250">
     <span class='ocr_line' id='line_1_36' title="bbox 73 4175 1464 4250; baseline 0.005 -22"><span class='ocrx_word' id='word_1_319' title='bbox 73 4200 76 4210; x_wconf 41' lang='grc'>3</span> <span class='ocrx_word' id='word_1_320' title='bbox 183 4185 294 4246; x_wconf 81' lang='lat' dir='ltr'>persnnt</span> <span class='ocrx_word' id='word_1_321' title='bbox 310 4179 401 4232; x_wconf 83' lang='lat' dir='ltr'>videre</span> <span class='ocrx_word' id='word_1_322' title='bbox 424 4183 499 4242; x_wconf 90' lang='lat' dir='ltr'>licet,</span> <span class='ocrx_word' id='word_1_323' title='bbox 520 4183 551 4232; x_wconf 91' lang='lat' dir='ltr'>ab</span> <span class='ocrx_word' id='word_1_324' title='bbox 572 4183 724 4246; x_wconf 85' lang='lat' dir='ltr'>haereticis,</span> <span class='ocrx_word' id='word_1_325' title='bbox 743 4175 846 4237; x_wconf 81' lang='grc'>11313313</span> <span class='ocrx_word' id='word_1_326' title='bbox 866 4187 981 4250; x_wconf 87' lang='grc'>33111331,</span> <span class='ocrx_word' id='word_1_327' title='bbox 1001 4188 1068 4240; x_wconf 86' lang='grc'>13133</span> <span class='ocrx_word' id='word_1_328' title='bbox 1086 4186 1147 4239; x_wconf 90' lang='lat' dir='ltr'>fidei</span> <span class='ocrx_word' id='word_1_329' title='bbox 1166 4187 1291 4238; x_wconf 89' lang='lat' dir='ltr'>articulos</span> <span class='ocrx_word' id='word_1_330' title='bbox 1302 4190 1464 4244; x_wconf 76' lang='lat' dir='ltr'>recensetur.</span> 
     </span>
    </p>
   </div>
   <div class='ocr_carea' id='block_1_8' title="bbox 182 4245 1472 4736">
    <p class='ocr_par' dir='ltr' id='par_1_9' title="bbox 182 4245 1472 4736">
     <span class='ocr_line' id='line_1_37' title="bbox 184 4245 1472 4323; baseline 0.004 -23"><span class='ocrx_word' id='word_1_331' title='bbox 184 4245 296 4300; x_wconf 83' lang='lat' dir='ltr'>omnino</span> <span class='ocrx_word' id='word_1_332' title='bbox 313 4255 399 4302; x_wconf 88' lang='lat' dir='ltr'>autem</span> <span class='ocrx_word' id='word_1_333' title='bbox 419 4250 584 4303; x_wconf 89' lang='lat' dir='ltr'>statuendum</span> <span class='ocrx_word' id='word_1_334' title='bbox 603 4252 718 4313; x_wconf 85' lang='grc'>3113133,</span> <span class='ocrx_word' id='word_1_335' title='bbox 738 4253 770 4305; x_wconf 90' lang='grc'>13</span> <span class='ocrx_word' id='word_1_336' title='bbox 782 4255 877 4307; x_wconf 85' lang='lat' dir='ltr'>Christi</span> <span class='ocrx_word' id='word_1_337' title='bbox 896 4262 985 4307; x_wconf 89' lang='lat' dir='ltr'>natura</span> <span class='ocrx_word' id='word_1_338' title='bbox 1006 4263 1032 4308; x_wconf 84' lang='lat' dir='ltr'>at</span> <span class='ocrx_word' id='word_1_339' title='bbox 1050 4271 1129 4323; x_wconf 91' lang='lat' dir='ltr'>opere</span> <span class='ocrx_word' id='word_1_340' title='bbox 1148 4258 1196 4315; x_wconf 86' lang='lat' dir='ltr'>ita,</span> <span class='ocrx_word' id='word_1_341' title='bbox 1216 4256 1254 4308; x_wconf 90' lang='lat' dir='ltr'>nti</span> <span class='ocrx_word' id='word_1_342' title='bbox 1270 4255 1419 4307; x_wconf 86' lang='lat' dir='ltr'>factumest</span> <span class='ocrx_word' id='word_1_343' title='bbox 1433 4270 1472 4321; x_wconf 85' lang='lat' dir='ltr'>eo¹</span> 
     </span>
     <span class='ocr_line' id='line_1_38' title="bbox 183 4317 1467 4392; baseline 0.004 -22"><span class='ocrx_word' id='word_1_344' title='bbox 183 4321 315 4385; x_wconf 81' lang='lat' dir='ltr'>tempore,</span> <span class='ocrx_word' id='word_1_345' title='bbox 336 4317 457 4386; x_wconf 88' lang='lat' dir='ltr'>dignosci</span> <span class='ocrx_word' id='word_1_346' title='bbox 477 4335 528 4372; x_wconf 88' lang='grc'>333</span> <span class='ocrx_word' id='word_1_347' title='bbox 549 4323 682 4388; x_wconf 84' lang='lat' dir='ltr'>potuisse,</span> <span class='ocrx_word' id='word_1_348' title='bbox 702 4325 752 4374; x_wconf 92' lang='lat' dir='ltr'>nisi</span> <span class='ocrx_word' id='word_1_349' title='bbox 771 4324 849 4375; x_wconf 90' lang='lat' dir='ltr'>simul</span> <span class='ocrx_word' id='word_1_350' title='bbox 868 4339 897 4376; x_wconf 86' lang='lat' dir='ltr'>ea</span> <span class='ocrx_word' id='word_1_351' title='bbox 918 4341 983 4392; x_wconf 91' lang='lat' dir='ltr'>quae</span> <span class='ocrx_word' id='word_1_352' title='bbox 1003 4325 1034 4377; x_wconf 92' lang='lat' dir='ltr'>de</span> <span class='ocrx_word' id='word_1_353' title='bbox 1054 4325 1150 4378; x_wconf 85' lang='lat' dir='ltr'>Christi</span> <span class='ocrx_word' id='word_1_354' title='bbox 1169 4324 1200 4377; x_wconf 90' lang='lat' dir='ltr'>ad</span> <span class='ocrx_word' id='word_1_355' title='bbox 1219 4325 1318 4376; x_wconf 86' lang='lat' dir='ltr'>inseres</span> <span class='ocrx_word' id='word_1_356' title='bbox 1336 4323 1467 4376; x_wconf 89' lang='lat' dir='ltr'>descensu</span> 
     </span>
     <span class='ocr_line' id='line_1_39' title="bbox 182 4385 1464 4463; baseline 0.005 -26"><span class='ocrx_word' id='word_1_357' title='bbox 182 4385 347 4443; x_wconf 84' lang='lat' dir='ltr'>traderentur</span> <span class='ocrx_word' id='word_1_358' title='bbox 366 4403 380 4439; x_wconf 90' lang='lat' dir='ltr'>a</span> <span class='ocrx_word' id='word_1_359' title='bbox 400 4389 519 4456; x_wconf 89' lang='lat' dir='ltr'>patribus</span> <span class='ocrx_word' id='word_1_360' title='bbox 536 4391 592 4442; x_wconf 87' lang='grc'>1333</span> <span class='ocrx_word' id='word_1_361' title='bbox 612 4392 733 4443; x_wconf 91' lang='lat' dir='ltr'>omnibus</span> <span class='ocrx_word' id='word_1_362' title='bbox 751 4393 834 4459; x_wconf 88' lang='lat' dir='ltr'>magis</span> <span class='ocrx_word' id='word_1_363' title='bbox 853 4395 988 4461; x_wconf 85' lang='lat' dir='ltr'>magisque</span> <span class='ocrx_word' id='word_1_364' title='bbox 1008 4397 1033 4446; x_wconf 93' lang='lat' dir='ltr'>in</span> <span class='ocrx_word' id='word_1_365' title='bbox 1054 4395 1167 4462; x_wconf 88' lang='lat' dir='ltr'>publicis</span> <span class='ocrx_word' id='word_1_366' title='bbox 1187 4410 1293 4463; x_wconf 88' lang='lat' dir='ltr'>quoque</span> <span class='ocrx_word' id='word_1_367' title='bbox 1312 4408 1464 4445; x_wconf 88' lang='lat' dir='ltr'>monumen·</span> 
     </span>
     <span class='ocr_line' id='line_1_40' title="bbox 183 4454 1464 4529; baseline 0.005 -23"><span class='ocrx_word' id='word_1_368' title='bbox 183 4455 217 4506; x_wconf 88' lang='lat' dir='ltr'>tis</span> <span class='ocrx_word' id='word_1_369' title='bbox 239 4455 327 4508; x_wconf 87' lang='grc'>133333</span> <span class='ocrx_word' id='word_1_370' title='bbox 352 4459 507 4512; x_wconf 88' lang='lat' dir='ltr'>invenirent.</span> <span class='ocrx_word' id='word_1_371' title='bbox 546 4457 599 4510; x_wconf 87' lang='lat' dir='ltr'>Hac</span> <span class='ocrx_word' id='word_1_372' title='bbox 623 4462 650 4510; x_wconf 93' lang='lat' dir='ltr'>in</span> <span class='ocrx_word' id='word_1_373' title='bbox 674 4461 775 4512; x_wconf 90' lang='lat' dir='ltr'>ratione</span> <span class='ocrx_word' id='word_1_374' title='bbox 800 4454 1020 4529; x_wconf 77' lang='lat' dir='ltr'>acquiescendum</span> <span class='ocrx_word' id='word_1_375' title='bbox 1044 4469 1098 4524; x_wconf 91' lang='lat' dir='ltr'>est,</span> <span class='ocrx_word' id='word_1_376' title='bbox 1122 4463 1207 4516; x_wconf 89' lang='lat' dir='ltr'>donec</span> <span class='ocrx_word' id='word_1_377' title='bbox 1232 4479 1301 4516; x_wconf 90' lang='lat' dir='ltr'>nova</span> <span class='ocrx_word' id='word_1_378' title='bbox 1326 4465 1352 4514; x_wconf 92' lang='lat' dir='ltr'>in</span> <span class='ocrx_word' id='word_1_379' title='bbox 1377 4463 1464 4514; x_wconf 89' lang='lat' dir='ltr'>lucem</span> 
     </span>
     <span class='ocr_line' id='line_1_41' title="bbox 183 4524 1465 4598; baseline 0.006 -24"><span class='ocrx_word' id='word_1_380' title='bbox 183 4524 329 4591; x_wconf 88' lang='lat' dir='ltr'>prodierint</span> <span class='ocrx_word' id='word_1_381' title='bbox 348 4527 425 4592; x_wconf 88' lang='lat' dir='ltr'>hujus</span> <span class='ocrx_word' id='word_1_382' title='bbox 444 4529 482 4578; x_wconf 85' lang='lat' dir='ltr'>rei</span> <span class='ocrx_word' id='word_1_383' title='bbox 501 4527 667 4580; x_wconf 84' lang='lat' dir='ltr'>documenta.</span> <span class='ocrx_word' id='word_1_384' title='bbox 703 4529 772 4582; x_wconf 89' lang='lat' dir='ltr'>Nihil</span> <span class='ocrx_word' id='word_1_385' title='bbox 791 4531 854 4584; x_wconf 87' lang='lat' dir='ltr'>licet</span> <span class='ocrx_word' id='word_1_386' title='bbox 870 4548 917 4598; x_wconf 88' lang='lat' dir='ltr'>pro</span> <span class='ocrx_word' id='word_1_387' title='bbox 938 4539 1009 4584; x_wconf 85' lang='lat' dir='ltr'>certo</span> <span class='ocrx_word' id='word_1_388' title='bbox 1029 4532 1151 4585; x_wconf 84' lang='lat' dir='ltr'>affirmari</span> <span class='ocrx_word' id='word_1_389' title='bbox 1175 4534 1225 4586; x_wconf 88' lang='lat' dir='ltr'>nisi</span> <span class='ocrx_word' id='word_1_390' title='bbox 1244 4531 1314 4586; x_wconf 87' lang='lat' dir='ltr'>sedis</span> <span class='ocrx_word' id='word_1_391' title='bbox 1332 4531 1465 4583; x_wconf 82' lang='lat' dir='ltr'>Romanae</span> 
     </span>
     <span class='ocr_line' id='line_1_42' title="bbox 182 4595 1464 4674; baseline 0.008 -30"><span class='ocrx_word' id='word_1_392' title='bbox 182 4595 337 4674; x_wconf 77' lang='lat' dir='ltr'>anctoritate</span> <span class='ocrx_word' id='word_1_393' title='bbox 355 4597 439 4662; x_wconf 86' lang='lat' dir='ltr'>magis</span> <span class='ocrx_word' id='word_1_394' title='bbox 458 4598 594 4664; x_wconf 78' lang='lat' dir='ltr'>magisque</span> <span class='ocrx_word' id='word_1_395' title='bbox 608 4599 789 4666; x_wconf 90' lang='lat' dir='ltr'>praepollente</span> <span class='ocrx_word' id='word_1_396' title='bbox 807 4601 904 4652; x_wconf 86' lang='lat' dir='ltr'>lactum</span> <span class='ocrx_word' id='word_1_397' title='bbox 924 4615 996 4664; x_wconf 90' lang='lat' dir='ltr'>esse,</span> <span class='ocrx_word' id='word_1_398' title='bbox 1016 4608 1044 4654; x_wconf 92' lang='grc'>31</span> <span class='ocrx_word' id='word_1_399' title='bbox 1061 4601 1174 4672; x_wconf 90' lang='lat' dir='ltr'>deniqne</span> <span class='ocrx_word' id='word_1_400' title='bbox 1193 4605 1220 4655; x_wconf 90' lang='lat' dir='ltr'>in</span> <span class='ocrx_word' id='word_1_401' title='bbox 1239 4602 1361 4656; x_wconf 89' lang='lat' dir='ltr'>omnibus</span> <span class='ocrx_word' id='word_1_402' title='bbox 1380 4601 1464 4654; x_wconf 87' lang='lat' dir='ltr'>eccle-</span> 
     </span>
     <span class='ocr_line' id='line_1_43' title="bbox 183 4663 933 4736; baseline 0.012 -23"><span class='ocrx_word' id='word_1_403' title='bbox 183 4677 238 4716; x_wconf 78' lang='lat' dir='ltr'>siae</span> <span class='ocrx_word' id='word_1_404' title='bbox 257 4663 401 4729; x_wconf 84' lang='lat' dir='ltr'>provinciis</span> <span class='ocrx_word' id='word_1_405' title='bbox 420 4664 511 4717; x_wconf 85' lang='lat' dir='ltr'>eadem</span> <span class='ocrx_word' id='word_1_406' title='bbox 530 4667 643 4735; x_wconf 86' lang='lat' dir='ltr'>symboli</span> <span class='ocrx_word' id='word_1_407' title='bbox 663 4668 744 4720; x_wconf 85' lang='lat' dir='ltr'>forma</span> <span class='ocrx_word' id='word_1_408' title='bbox 763 4669 933 4736; x_wconf 88' lang='lat' dir='ltr'>reciperetur.</span> 
     </span>
    </p>
   </div>
   <div class='ocr_carea' id='block_1_9' title="bbox 182 4732 1467 4873">
    <p class='ocr_par' dir='ltr' id='par_1_10' title="bbox 182 4732 1467 4873">
     <span class='ocr_line' id='line_1_44' title="bbox 252 4732 1467 4808; baseline 0.011 -24"><span class='ocrx_word' id='word_1_409' title='bbox 252 4735 275 4785; x_wconf 83' lang='lat'>3.</span> <span class='ocrx_word' id='word_1_410' title='bbox 296 4732 382 4792; x_wconf 75' lang='lat' dir='ltr'>„Tota</span> <span class='ocrx_word' id='word_1_411' title='bbox 405 4740 549 4800; x_wconf 87' lang='lat' dir='ltr'>persona.“</span> <span class='ocrx_word' id='word_1_412' title='bbox 584 4737 713 4789; x_wconf 86' lang='lat' dir='ltr'>Lntherns</span> <span class='ocrx_word' id='word_1_413' title='bbox 737 4738 764 4789; x_wconf 91' lang='lat' dir='ltr'>in</span> <span class='ocrx_word' id='word_1_414' title='bbox 789 4736 917 4792; x_wconf 88' lang='lat' dir='ltr'>concione</span> <span class='ocrx_word' id='word_1_415' title='bbox 943 4739 1088 4808; x_wconf 83' lang='lat' dir='ltr'>Torgariae</span> <span class='ocrx_word' id='word_1_416' title='bbox 1112 4742 1216 4796; x_wconf 66' lang='lat' dir='ltr'>habitat</span> <span class='ocrx_word' id='word_1_417' title='bbox 1237 4745 1309 4808; x_wconf 83' lang='lat' dir='ltr'>„mit</span> <span class='ocrx_word' id='word_1_418' title='bbox 1327 4741 1388 4796; x_wconf 76' lang='lat' dir='ltr'>teto</span> <span class='ocrx_word' id='word_1_419' title='bbox 1412 4743 1467 4796; x_wconf 80' lang='lat' dir='ltr'>aad</span> 
     </span>
     <span class='ocr_line' id='line_1_45' title="bbox 182 4797 884 4873; baseline 0.014 -21"><span class='ocrx_word' id='word_1_420' title='bbox 182 4802 255 4852; x_wconf 81' lang='lat' dir='ltr'>Seele</span> <span class='ocrx_word' id='word_1_421' title='bbox 272 4797 444 4872; x_wconf 75' lang='lat' dir='ltr'>unqetter‘lt.“</span> <span class='ocrx_word' id='word_1_422' title='bbox 465 4803 530 4873; x_wconf 89' lang='lat' dir='ltr'>Opp.</span> <span class='ocrx_word' id='word_1_423' title='bbox 551 4802 591 4856; x_wconf 89' lang='grc'>31.</span> <span class='ocrx_word' id='word_1_424' title='bbox 611 4806 711 4859; x_wconf 82' lang='lat' dir='ltr'>Walclt.</span> <span class='ocrx_word' id='word_1_425' title='bbox 731 4805 753 4856; x_wconf 86' lang='lat' dir='ltr'>X</span> <span class='ocrx_word' id='word_1_426' title='bbox 771 4823 796 4873; x_wconf 90' lang='lat' dir='ltr'>p.</span> <span class='ocrx_word' id='word_1_427' title='bbox 809 4810 884 4862; x_wconf 86' lang='grc'>1359.</span> 
     </span>
    </p>
   </div>
   <div class='ocr_carea' id='block_1_10' title="bbox 1244 4915 1258 4965">
    <p class='ocr_par' dir='ltr' id='par_1_11' title="bbox 1244 4915 1258 4965">
     <span class='ocr_line' id='line_1_46' title="bbox 1244 4915 1258 4965; baseline 0 0"><span class='ocrx_word' id='word_1_428' title='bbox 1244 4915 1258 4965; x_wconf 91' lang='grc'>1</span> 
     </span>
    </p>
   </div>
   <div class='ocr_carea' id='block_1_11' title="bbox 0 0 1767 5360">
    <p class='ocr_par' dir='ltr' id='par_1_12' title="bbox 0 0 1767 5360">
     <span class='ocr_line' id='line_1_47' title="bbox 0 0 1767 5360; baseline 0 0"><span class='ocrx_word' id='word_1_429' title='bbox 0 0 1767 5360; x_wconf 95' lang='lat' dir='ltr'> </span> 
     </span>
    </p>
   </div>
  </div>
 </body>
</html>
