3516 5360
311 273 352 342 48
807 281 911 343 lPurn·
926 283 973 354 ΙΙΙ,
993 283 1005 340 1
1024 299 1087 354 sqq.

313 441 468 526 ἁμαρτίας
490 449 596 527 (Rom.
613 451 702 523 Vl‚7
724 441 778 519 ol'r.
802 451 868 524 <ill
917 451 1015 512 Etiam
1045 449 1126 528 quod
1154 466 1247 527 supra
1275 448 1405 526 legimus
1431 448 1488 524 (ΙΙ,
1515 450 1586 526 24),

315 539 385 611 apte
408 536 438 594 in
461 539 718 612 comparationem
740 542 867 599 vocatur
892 573 932 582 -
954 573 995 582 -
1015 535 1067 596 ἵνα
1089 543 1156 608 ταῖς
1185 529 1350 616 ἁμαρτίαις
1371 525 1588 612 ἀπογενόμενοι
1616 581 1618 594 .

314 625 351 700 τῇ
381 615 558 701 δικαιοσύνῃ
590 617 737 698 ζήσωμεν.
792 622 884 684 ΜοιΙο
916 624 975 684 boc
1007 625 1174 693 teneatur,
1197 624 1303 680 nostru
1340 620 1408 680 loco
1436 637 1498 680 uon
1525 626 1589 684 lam

315 723 394 784 quae
417 705 478 766 tide
501 709 667 784 accipiatur
685 710 836 784 justitiam
853 729 949 790 quam
973 728 1052 787 quae
1074 713 1188 770 virtute
1217 705 1398 766 exhibeatur
1428 709 1508 769 vitae
1540 725 1590 768 re-

279 860 285 869 ,
315 793 512 852 novationem
536 794 676 869 apostolo
700 796 859 856 obversari
882 801 913 857 et
939 795 976 855 ad
1000 795 1229 856 similitudinem
1252 793 1381 870 exempli
1405 792 1519 858 Christi
1546 795 1589 854 ita

211 915 213 926 ι
272 877 278 890 “
316 877 449 939 describi
478 881 565 956 quasi
593 880 729 965 perfecta
752 885 815 958 jam
844 885 885 942 sit
914 889 945 942 et
972 883 1131 958 completa.
1179 881 1261 954 Quae
1288 884 1462 955 sequuntur
1490 878 1531 950 ιῗς
1552 875 1587 939 τὸ

314 963 421 1042 μηκέτι
451 998 493 1008 -
524 966 637 1039 βιῶσαι
674 970 749 1028 satis
786 968 868 1030 clare
894 966 1079 1036 ostendunt,
1117 967 1165 1042 agi
1200 965 1237 1025 de
1272 965 1333 1024 bne
1362 976 1432 1024 non·
1454 982 1492 1026 eo
1527 981 1588 1042 quo

318 1053 530 1127 pervenerint,
555 1051 609 1112 sed
633 1071 694 1128 quo
717 1055 940 1131 properandum
965 1053 1038 1114 sit.2
1070 1052 1187 1128 Quibus
1210 1054 1237 1111 si
1260 1056 1343 1111 recte
1366 1051 1517 1129 complexi
1539 1069 1589 1112 su·

317 1153 385 1198 mus
401 1144 613 1214 argumentum
628 1139 896 1202 horumversuum
911 1157 1083 1216 nexumque
1099 1140 1331 1210 sententiarum,
1344 1154 1405 1198 nou
1423 1136 1497 1199 nihil
1512 1137 1589 1198 lucis

312 1224 377 1300 jam
399 1223 530 1283 affusum
554 1225 613 1284 etit
634 1225 702 1286 loco
725 1225 907 1302 perillustri:
931 1223 971 1296 εἷς
988 1221 1162 1303 codro.de
1185 1223 1233 1282 aad
1256 1229 1372 1298 νεαροῖς
1387 1220 1589 1301 εὐηγγελίσθη

313 1307 366 1366 ἰ’να
388 1310 520 1382 κριθῶσι
542 1307 598 1383 μὲν
623 1311 701 1370 κατὰ
724 1306 914 1392 ἀνθρώπους
937 1310 1042 1390 σαρκί,
1068 1309 1139 1382 ζῶσι
1168 1307 1201 1368 δι’
1224 1305 1302 1367 κατὰ
1326 1305 1400 1368 θεὸν
1429 1304 1589 1384 πνεύματι.

401 1393 550 1465 Primum,
574 1395 603 1455 id
628 1397 709 1473 quod
729 1399 887 1474 aptissime
904 1398 963 1458 boc
981 1398 1048 1457 loeo
1066 1396 1169 1456 statim
1184 1397 1402 1480 interponitur,
1425 1393 1508 1455 istud
1524 1415 1590 1474 κρι-

316 1481 412 1556 θῆναι
435 1513 476 1524 -—
499 1480 592 1562 σαρκιΙ
618 1482 690 1558 quid
720 1485 773 1553 sit,
802 1484 890 1544 facile
913 1481 1113 1560 explicabitur
1136 1500 1174 1543 ex
1197 1479 1458 1542 antecedentibus.
1504 1480 1591 1556 Cogi-

317 1570 401 1629 tatur
424 1565 462 1629 de
485 1569 662 1641 passionum
686 1573 822 1629 cruciatu
841 1573 893 1646 qui
915 1576 1014 1630 morte
1036 1569 1208 1629 cumulatur
1229 1566 1318 1626 simul
1342 1573 1372 1627 et
1393 1568 1500 1626 buitur
1522 1567 1590 1644 (cir.

316 1650 369 1723 ΙΙΙ,
388 1652 436 1714 18.
460 1653 506 1722 lv,
526 1656 552 1712 1.
574 1655 632 1728 17).
679 1653 832 1716 iudicium
856 1655 1041 1732 appellatur,
1064 1655 1135 1730 quia
1157 1656 1210 1729 qui
1238 1651 1313 1712 baec
1339 1655 1496 1728 patiantur
1521 1669 1591 1729 pec·

318 1743 457 1798 catorum
480 1755 609 1814 poenam
633 1740 727 1802 luunt.
762 1741 796 1802 ld
820 1740 901 1818 quod
915 1741 1027 1802 ,verbis
1051 1735 1129 1821 κατὰ
1152 1735 1342 1818 ἀνθρώσοος
1357 1738 1470 1798 clarius
1492 1740 1592 1816 expri-

302 1825 408 1899 mitur
431 1823 496 1898 (elr.
522 1841 615 1906 supra
638 1845 666 1902 p.
681 1826 721 1900 Ι).
766 1826 916 1904 ablegant
939 1828 1014 1887 baec
1042 1831 1149 1903 aperte
1172 1823 1208 1884 ad
1231 1843 1257 1885 v:
1274 1825 1308 1886 2:
1331 1816 1508 1902 ἀνθρώπων
1531 1822 1590 1882 dnt-

316 1908 445 1984 θομίαις
469 1915 500 1970 et
522 1910 635 1972 ducent
657 1912 694 1973 de
717 1911 833 1988 jndicio
859 1913 1035 1974 homiuibus
1058 1913 1183 1988 proprio
1206 1912 1255 1986 agi
1282 1911 1330 1970 eui
1353 1914 1515 1970 teneantur
1538 1909 1592 1970 ob-

245 2049 249 2053 ,
316 1996 413 2065 noxii,
431 1998 542 2072 quippe
561 2013 653 2058 carne
670 1999 822 2062 immunda
838 1998 980 2083 praediti.¹
1004 1996 1104 2075 Σαρκί
1120 2013 1194 2057 vero
1213 2014 1305 2072 quum
1320 1995 1510 2073 adjungitur,
1534 1995 1593 2056 boo

317 2099 354 2141 ex
382 2084 603 2142 sententiarum
625 2101 705 2145 nexu
727 2086 768 2144 ita
792 2085 985 2155 dictumest,
1016 2088 1050 2144 ut
1071 2085 1139 2160 ipso
1163 2082 1213 2142 illo
1237 2084 1338 2142 caruis
1357 2081 1473 2157 jndicio
1497 2082 1592 2142 altera

317 2167 450 2226 bominis
467 2185 505 2226 ex
525 2170 635 2244 spiritu
658 2168 760 2230 divino
773 2173 946 2248 regenerati
962 2187 1035 2246 pars
1051 2168 1179 2228 liberata
1199 2170 1350 2244 cogitetur
1366 2173 1425 2227 tam
1447 2184 1463 2226 a
1486 2183 1593 2246 pecca·

316 2259 419 2313 torum
437 2252 499 2324 (IV,
521 2259 556 2327 ll
580 2272 705 2330 quama
729 2273 846 2332 poenae
870 2257 1062 2317 commercio.
1109 2253 1237 2329 Neque
1261 2255 1413 2313 omniuo
1437 2271 1480 2312 ex
1502 2269 1595 2329 apo-

317 2337 411 2400 stoli
431 2344 557 2399 mente
573 2341 651 2402 tale
677 2342 765 2418 quid
785 2341 826 2402 de
843 2347 963 2404 morte
986 2339 1201 2400 infidelium
1224 2338 1298 2398 diei
1325 2339 1460 2415 putuit.
1498 2341 1531 2398 lu
1555 2340 1594 2400 iis

254 2459 257 2464 -
317 2441 379 2484 uon
399 2441 471 2486 earo
495 2443 573 2502 quae
589 2426 617 2486 b.
632 2427 650 2492 l.
674 2426 797 2500 dicitur,
821 2427 875 2489 sed
898 2431 964 2504 ipse
980 2427 1113 2496 animm,
1137 2426 1204 2502 ipsa
1225 2425 1365 2486 voluntas
1384 2422 1501 2499 judicio
1525 2428 1595 2485 erat
1619 2443 1623 2456 ¹

317 2510 456 2572 obnoxia.
502 2512 535 2571 ln
562 2517 626 2573 tota
655 2514 804 2591 epistolae
833 2513 1096 2589 argumentatione
1121 2509 1209 2589 σαρκὶ
1233 2512 1345 2572 σαθεΐν
1375 2509 1423 2570 vel
1446 2511 1593 2590 κριθῆναι
1645 2533 1648 2536 ·

317 2597 469 2673 siguificat
492 2615 559 2658 eam
581 2601 682 2665 caruis
706 2601 971 2660 mortificationem
995 2615 1073 2674 quae
1096 2599 1164 2674 ipsa
1188 2598 1279 2656 animi
1299 2597 1361 2656 vita
1385 2602 1440 2656 est.
1481 2595 1595 2655 Intelli-

318 2685 401 2760 gitur
419 2683 483 2759 jam
506 2683 591 2756 inde,
615 2687 710 2746 invito
733 2685 874 2763 apostolo
898 2704 915 2744 a
936 2687 981 2744 De
998 2685 1113 2747 Wettio
1137 2688 1169 2742 et
1191 2681 1258 2744 aliis
1282 2682 1356 2742 haec
1371 2682 1465 2742 verba
1490 2679 1527 2742 de
1545 2683 1595 2758 ju-

319 2767 396 2830 dicio
420 2767 593 2830 infidelibus
610 2771 725 2832 Noaebi
749 2765 928 2848 aequalibus
951 2771 1088 2830 immisso
1113 2771 1215 2845 accipi.
1387 2762 1390 2767 ’

404 2859 494 2916 Arete
525 2856 670 2916 cohaeret
697 2874 765 2916 cum
796 2857 853 2917 bac
887 2858 981 2928 altera
1012 2858 1105 2915 etiam
1134 2855 1170 2914 de
1201 2859 1356 2914 structura
1388 2853 1594 2914 membrorum

319 2943 485 3018 quaestio..
514 2940 581 3001 Duo
605 2933 686 3003 enim
708 2942 788 3003 baec·
806 2943 940 3003 membra
964 2941 1067 3002 finalia
1094 2939 1148 2999 ‘lua
1167 2942 1302 3020 κριθῶσι
1325 2938 1381 3015 μέν
1402 2973 1442 2984 -
1466 2938 1538 3012 ζῶσι
1563 2937 1596 2998 dt

318 3029 360 3087 ita
378 3026 520 3086 videntur
538 3033 726 3104 comparata,
750 3035 783 3088 ut
804 3034 967 3105 utrumque
988 3027 1097 3088 eodem
1117 3025 1206 3087 modo
1226 3043 1263 3086 ex
1279 3025 1375 3085 verbo
1392 3020 1596 3102 ἐὐηγγελίσθη

318 3113 453 3190 pendere
477 3119 657 3176 statuamus
704 3114 786 3174 Satis
804 3120 911 3175 notum
934 3118 982 3174 est
1007 3113 1131 3184 multoS,
1155 3113 1208 3187 qui
1231 3129 1328 3194 nuper
1350 3109 1596 3186 inexpediendo

319 3201 377 3260 boo
400 3200 467 3260 loco
490 3198 731 3271 elaboraverint,
755 3201 797 3260 ita
821 3219 890 3260 eum
913 3201 1070 3274 accipere,
1087 3204 1134 3274 ut
1157 3199 1302 3274 κριθῆναι
1327 3196 1407 3257 istud
1437 3198 1523 3272 prius
1554 3197 1597 3258 ia·

320 3291 401 3348 ctum
418 3303 488 3347 esse
505 3287 631 3346 credant
647 3303 738 3361 quam
753 3287 851 3362 ipsam
867 3285 1016 3362 evangelii
1033 3283 1308 3360 praedicationem,
1333 3284 1475 3342 effectum
1494 3288 1597 3352 autem

318 3372 410 3448 hujus
440 3371 591 3476 iubaltero
615 3375 731 3432 tantum
754 3371 891 3431 membro
916 3367 999 3447 (ζῶσι
1019 3367 1052 3428 de*
1069 3403 1111 3415 -
1129 3360 1288 3443 ονιύμιιιι)
1312 3367 1481 3445 exprimi3³
1505 3372 1596 3445 quasi

326 3509 390 3517 --.-
393 3511 410 3516 ..-
416 3509 437 3516 ..0
441 3509 491 3516 ..av-
494 3509 511 3516 .-

389 3573 554 3626 l.·Gunteras
572 3573 682 3624 maxime
700 3590 724 3624 v.
739 3576 766 3626 ΙΙ
786 3589 837 3640 sq:
861 3571 930 3624 otico
948 3573 995 3625 καὶ
1014 3569 1091 3644 ὑμεῖς
1114 3573 1261 3710 Ιορίζεσθε
1284 3565 1395 3628 ἑαυτοὺς
1414 3565 1527 3656 νεκρρὺρ
1543 3568 1599 3642 μὲν

319 3643 352 3728 cp}
370 3638 626 3760 dpaaqthxeffcpivaos
641 3637 723 3762 ‹lidlaqi
738 3643 797 3766 {dud
813 3635 844 3694 ἐν
859 3641 973 3715 Χριστῷ
985 3637 1080 3710 Ἰησοῦ.
1099 3640 1136 3694 Μ
1174 3628 1236 3693 adv
1252 3638 1460 3708 βασιλευέτω
1478 3657 1495 3707 η
1512 3657 1599 3711 αμαρ-

320 3727 439 3763 secat.
511 3725 735 3766 lesmor...
812 3727 851 3764 e.

266 3829 273 3838 ,
388 3782 411 3831 2.
431 3777 511 3829 Recte
526 3779 567 3830 ‘ab
580 3724 879 3848 gliutheropableqartrlm'r
901 3779 932 3832 ad
952 3771 1105 3832 relationem
1126 3795 1176 3846 qua
1192 3775 1291 3850 μηκέτι
1311 3779 1436 3844 particula
1457 3792 1515 3828 eum
1539 3794 1600 3844 per·

319 3851 389 3901 lectu
409 3845 547 3899 πέπανται
568 3849 690 3900 cohaeret
698 3867 704 3912 ;
724 3849 827 3902 additur
845 3852 899 3915 jam
919 3849 944 3902 id
965 3849 1034 3917 quod
1052 3864 1083 3900 ex
1103 3851 1190 3916 priore
1209 3849 1337 3900 sententia
1364 3847 1482 3914 sequitur
1506 3846 1600 3898 dudem

321 3915 398 3970 modo
423 3921 500 3982 atque
524 3917 597 3968 Rom.
617 3917 662 3979 Vl,
680 3922 718 3972 ΙΙ.
738 3923 775 3972 l‘2.
817 3920 854 3971 lle
879 3925 933 3970 toto
957 3920 1016 3970 locu
1041 3918 1086 3968 eir.
1109 3917 1194 3969 Baur
1218 3917 1236 3967 l.
1254 3917 1271 3969 l.
1291 3917 1390 3983 pom:
1416 3915 1499 3978 „Wer
1524 3917 1600 3968 laidet

320 3989 374 4040 und
390 3987 508 4038 dadured
525 3989 571 4037 mit
590 3989 636 4038 der
649 3990 735 4040 Sdude
755 3990 852 4050 driade,
873 3991 980 4040 erlddtet
1000 3990 1055 4040 adso
1073 3990 1145 4038 selue
1163 3979 1246 4054 σάρξ,
1266 3987 1306 4036 als
1320 3987 1368 4036 den
1382 3987 1437 4036 sna
1453 3986 1499 4036 der
1515 3978 1601 4054 opop-

320 4056 380 4118 τία,
400 4055 452 4119 uus
464 4055 573 4106 dieselde
597 4057 681 4108 Weire
697 4056 764 4121 (Ρ),
782 4062 830 4109 wie
855 4059 894 4108 dei
913 4059 1031 4108 Christus
1055 4057 1096 4107 die
1116 4056 1210 4107 beiden
1235 4057 1277 4106 dte
1293 4055 1439 4121 Ertddtunq
1462 4055 1509 4104 der
1531 4047 1603 4123 σάρξ

320 4126 456 4191 rear&—
476 4124 551 4184 „oso
575 4128 759 4179 unmott'm'rleu
778 4129 857 4180 satae
881 4127 941 4176 sind
963 4125 1044 4177 durcd
1066 4125 1231 4191 psallencius
1255 4123 1433 4189 ΑιιιοΙιαιιαιιρ
1457 4123 1501 4174 der
1524 4121 1602 4192 Todpa

323 4194 419 4246 curem
442 4211 473 4243 ια
493 4198 651 4260 ινρᾶιιιιιι.“
688 4194 804 4258 „Patmos
828 4204 893 4248 cetat
913 4211 947 4245 au
972 4195 1013 4244 die
1032 4194 1112 4244 Stella
1131 4193 1179 4243 der
1196 4193 1388 4259 dcpmats'redeu
1407 4191 1466 4242 ldae
1490 4191 1536 4241 der
1554 4190 1600 4244 Le·

321 4263 569 4328 oenspemeiusclast
580 4266 627 4315 mit
640 4263 758 4316 Christus
777 4266 826 4316 deu
838 4263 969 4314 attalicum
983 4260 1086 4329 Beqriff
1099 4263 1145 4312 der
1160 4261 1303 4328 Nacbsolqe
1317 4259 1442 4310 eureseim
1470 4258 1599 4311 nulnum

321 4333 338 4384 l.
348 4331 365 4383 l.
384 4345 409 4396 p.
421 4331 482 4382 326:
503 4331 557 4391 „Es
572 4334 711 4399 oerpleiclrt
729 4334 785 4386 siclt
803 4333 860 4384 dem
876 4331 1001 4395 edeasulls
1021 4331 1190 4397 allqemet'ueu
1202 4331 1280 4382 Sutse
1297 4319 1366 4380 Roob.
1385 4327 1428 4390 Vl,
1442 4331 1502 4396 leq.
1522 4357 1554 4366 -
1567 4357 1601 4366 -

322 4401 376 4454 aad
393 4399 481 4466 desapt
505 4401 566 4450 eben
585 4419 613 4454 ιο
636 4405 718 4469 ιοιιιίρ
743 4403 783 4453 uls
803 4402 901 4462 dieser,
926 4418 979 4451 was
997 4400 1127 4465 demenipe
1150 4400 1247 4466 qetdaa
1265 4398 1325 4458 bul,
1345 4398 1453 4456 celeber
1476 4400 1511 4448 im
1532 4397 1602 4449 nter-

323 4471 382 4522 scbe
398 4470 503 4535 peliden
523 4469 583 4530 leat,
603 4471 715 4522 eundern
734 4469 874 4531 οιίΙιιιιΙιι,
895 4485 949 4522 was
969 4486 994 4520 er
1013 4470 1058 4518 mit
1075 4469 1216 4520 demselden
1234 4468 1369 4533 qewcrdea
1388 4493 1419 4502 -
1440 4493 1472 4502 -
1492 4468 1553 4517 dass
1574 4485 1603 4518 er

322 4541 368 4590 mit
382 4537 523 4588 cersonae
539 4554 571 4586 κιι
582 4537 653 4588 Euda
668 4540 729 4589 ist.“
747 4566 777 4574 —
790 4565 822 4574 -—
840 4539 901 4599 „die
916 4539 962 4588 wir
979 4537 1017 4588 dei
1028 4535 1189 4588 tetensteten
1204 4537 1251 4588 der
1260 4535 1347 4584 sanae
1360 4537 1494 4602 quaterdeu
1512 4537 1601 4586 sindf‘

386 4607 410 4658 3.
431 4603 480 4660 Gir.
501 4604 583 4658 instar
603 4606 718 4658 omnium
738 4604 858 4670 Steiger,
877 4605 914 4658 lle
934 4603 1192 4660 Wette-Brueckuer
1210 4610 1236 4656 et
1254 4601 1352 4656 llutber
1370 4601 1403 4656 ad
1421 4603 1474 4657 ΙΙΙ.
1503 4601 1597 4656 Contra

321 4690 367 4730 eos
386 4673 532 4726 rectissime
553 4673 702 4741 Wiesinger
720 4691 748 4742 p.
761 4675 822 4729 275.
