3516 5360
298 373 338 436 38
814 373 982 444 1Prrr.111‚
1005 373 1051 433 te.
1151 381 1153 386 ‘

298 555 403 611 ratam.
438 545 519 620 Quot
540 541 635 603 rerba
657 545 705 600 tot
728 541 886 602 miracuta!
925 542 1023 618 Regni
1046 543 1160 618 gloriae
1183 543 1311 622 abipso
1334 543 1458 604 Christo
1479 540 1569 602 modo

297 636 466 713 acquisitae
489 630 634 690 continuo
657 631 820 687 consortes
842 626 1051 705 adjunguntur
1066 630 1118 705 qui
1136 634 1280 706 tanquam
1304 645 1455 690 summum
1472 630 1572 689 incre-

298 722 433 782 dulitatis
457 715 627 793 exemptum
649 718 870 791 proponuntur.
905 713 983 788 Quin
999 717 1089 774 etiam
1105 717 1170 791 ipse
1186 713 1384 776 incredulitas
1399 731 1456 794 pro
1479 731 1571 776 causa
1645 733 1653 744 ·

260 857 268 870 .
297 810 425 868 affertur
447 820 503 863 cur
527 802 717 862 consortium
740 799 856 874 gloriae
882 816 939 888 per
958 799 1071 860 Christi
1092 799 1353 877 praedicationem
1376 802 1414 862 iis
1438 801 1573 861 oblatum

237 920 244 930 ¹
298 897 346 955 sit.
380 893 495 968 Nempe
514 888 697 948 contrariam
716 886 899 944 sententiam
915 885 995 946 idem
1013 885 1124 946 Petrus
1141 889 1171 947 in
1190 887 1284 947 altera
1298 887 1426 964 epistole
1444 885 1573 964 protulit

298 981 335 1042 de
354 981 422 1039 istis
442 973 620 1054 aequalibus
638 969 767 1046 Noachi;
785 967 931 1050 ἀρχαίου,
951 973 1064 1050 inquit,
1086 965 1204 1049 κόσμου
1223 970 1291 1032 οὐκ
1310 974 1323 1032 ἐ
1330 971 1489 1052 φείσατο
1505 966 1571 1032 ἀλλ’
1661 1023 1666 1034 ι

297 1063 407 1145 ὄγδοον
426 1063 497 1121 Νῶε
517 1051 710 1136 δικαιοσύνης
732 1051 850 1137 κη’ρυκα
864 1053 1009 1137 ἐφύλαξε,
1033 1055 1249 1135 κατακλυσμὸν
1273 1053 1400 1141 κόσμῳ
1424 1055 1572 1134 ἀσεβῶν

298 1145 424 1224 ἐπάξας,
449 1161 630 1224 comparans
652 1145 762 1203 horum
784 1144 898 1203 crimen
922 1148 953 1203 et
967 1143 1115 1220 judiqium
1135 1162 1203 1204 cum
1222 1145 1399 1221 angelorum
1423 1144 1571 1206 malorum

298 1239 345 1314 (ll,
359 1238 390 1313 4)
406 1241 563 1312 totamque
586 1231 881 1309 argumentationem
903 1231 945 1288 ita
968 1225 1169 1290 concludens:
1187 1223 1248 1289 ολδε
1263 1227 1370 1312 ’κύριος
1385 1227 1517 1306 εὐσεβεῖς
1537 1226 1569 1287 ἐκ

297 1326 467 1402 πειρασμοῦ
486 1317 632 1403 ῥύεσθαι,
652 1312 807 1384 ἀδίκους
823 1313 859 1374 δὲ
882 1313 932 1385 είς
947 1307 1091 1396 ἡμέραν
1113 1316 1272 1396 κρίσεως
1291 1314 1570 1392 κολαζομένους

297 1417 433 1490 τηρεῖν,
458 1408 541 1481 Quos
566 1407 596 1465 in
621 1403 715 1462 altera
734 1401 862 1478 epistola
878 1400 1035 1462 devinctos
1054 1401 1126 1462 dicit
1143 1401 1302 1480 apostolus
1320 1403 1361 1462 ita
1377 1408 1411 1462 ut
1425 1401 1569 1462 teneren-
1630 1430 1634 1436 ·
1691 1414 1699 1420 ·

296 1501 347 1557 tur
370 1512 469 1572 usque
493 1493 528 1553 ad
547 1491 697 1569 judicium
720 1493 903 1558 extremum,
927 1487 963 1547 ad
987 1487 1112 1547 eosdem
1135 1487 1289 1548 Christum
1312 1507 1329 1548 e
1352 1504 1475 1549 carcere
1497 1487 1571 1548 iihe-

296 1588 434 1643 ratarum
458 1578 572 1638 abiisse
595 1581 629 1636 ut
650 1569 781 1653 primum
804 1592 821 1632 e
849 1578 948 1633 morte
970 1573 1115 1633 rediisset
1137 1575 1220 1652 ipse,
1252 1577 1283 1634 in
1313 1574 1443 1652 epistola
1465 1574 1570 1652 priore

297 1669 440 1729 docuisse
463 1669 588 1744 putatur
615 1661 694 1741 idem
725 1659 892 1737 apostotus.
938 1659 1048 1718 Micam
1072 1661 1212 1737 proiecto
1243 1659 1419 1720 dicamusne
1444 1659 1570 1720 oblivio-

293 1773 364 1814 nem
381 1751 579 1830 apostoiicam
602 1765 640 1807 an
662 1745 944 1806 retractationem!¹
986 1745 1075 1805 Certc
1091 1763 1199 1822 parum
1215 1746 1438 1807 consuluerunt
1455 1761 1568 1806 causae

295 1858 369 1900 suae
398 1839 450 1915 qui
479 1837 516 1896 de
545 1833 703 1911 evangelio
726 1831 882 1891 Noachitis
910 1829 1096 1910 prqedicato,
1116 1831 1209 1900 verba
1241 1829 1568 1909 explicant'vindicota

295 1931 395 1986 tamen
414 1923 512 1984 eidem
529 1921 647 1980 auctori
663 1924 793 1994 utraque
813 1917 956 1992 epistola,
980 1916 1009 1977 id
1026 1915 1107 1994 quod
1123 1919 1237 1996 optime
1256 1918 1293 1978 de
1309 1915 1437 1979 ecclesia
1449 1917 1570 2000 ¹Christi

294 2013 395 2072 meriti
418 2003 592 2070 secernunt
635 2005 680 2065 De
703 2005 887 2082 posterioris
910 2002 1060 2081 epistolae
1083 2005 1234 2064 sententia
1257 2004 1338 2064 nulla
1366 2009 1470 2082 potest
1498 2019 1570 2063 esse

293 2098 340 2160 lis.
371 2089 541 2163 Ἀπώλεπο,
565 2092 671 2168 periit,
695 2091 807 2166 inquit,
829 2084 945 2166 κόσμος
960 2085 1082 2164 ἀσεβῶν
1102 2090 1231 2150 eundem
1250 2089 1286 2149 ad
1304 2090 1439 2161 modum,
1463 2105 1567 2166 quem·

293 2183 454 2244 admodum
478 2180 579 2256 impiis
602 2180 633 2237 in
657 2181 793 2236 extremo
812 2175 927 2252 judicio
944 2174 1147 2252 exspectanda
1165 2181 1214 2235 est
1228 2171 1364 2235 ἀπώλεια
1383 2176 1448 2254 (111,
1461 2175 1489 2237 6.
1504 2172 1568 2250 7).⁸

292 2268 425 2330 Eandem
449 2281 524 2326 uero
549 2266 663 2323 scimus
687 2281 702 2320 a
727 2261 850 2321 Christo
876 2265 944 2338 ipso
967 2263 1098 2338 primum
1120 2263 1312 2339 propositam
1335 2277 1406 2322 esse
1429 2260 1569 2322 similitu·

284 2339 393 2415 'dinem
416 2355 497 2412 inter
512 2349 682 2411 Noachitici
705 2354 736 2408 et
751 2349 880 2406 extremi
896 2347 963 2408 aevi
978 2348 1159 2424 pravitatem
1171 2349 1257 2423 justo
1269 2348 1387 2424 judicio
1404 2347 1567 2408 obnoxiam
1675 2382 1682 2388 -

293 2440 400 2518 (Mtth.
423 2439 537 2508 XXIV,
562 2433 740 2511 37—39).
798 2435 867 2493 Jam
901 2438 1010 2492 nostro
1044 2432 1111 2493 loco
1145 2432 1218 2510 quid
1252 2435 1352 2510 potuit
1387 2433 1567 2510 perversius

292 2527 374 2598 fieri,
399 2542 489 2602 qnanr
513 2527 540 2582 si
562 2521 687 2590 Petrus,
713 2521 766 2595 qui
787 2520 878 2596 paulo
906 2517 986 2578 inira
1009 2517 1252 2579 Christianorum
1279 2519 1466 2580 adversariis
1496 2535 1567 2596 pro-

240 2603 244 2618 '
291 2615 464 2680 tenuitatem
488 2607 705 2668 Noachitarum
729 2605 809 2664 omni
833 2601 924 2666 modo
947 2605 1136 2665 imitantibus
1159 2605 1225 2684 (iv,
1244 2607 1274 2680 3)
1293 2605 1443 2682 judicium
1467 2612 1566 2666 extre-

292 2717 373 2759 mum
396 2699 527 2757 minatur
551 2695 615 2771 (IV,
629 2694 669 2769 5),
693 2689 765 2751 iilud
789 2689 870 2768 quod
893 2690 985 2769 hujus
1009 2692 1098 2767 quasi
1117 2691 1271 2769 exemplar
1286 2697 1499 2753 antecesserat
1516 2691 1567 2768 jn-

292 2786 402 2844 dicium
426 2781 462 2842 de
486 2782 611 2857 antiquo
636 2775 748 2838 mundo
771 2776 862 2852 paulo
890 2783 960 2836 ante
988 2775 1114 2838 doceret
1141 2794 1198 2853 per
1225 2777 1355 2837 eundem
1386 2781 1417 2838 iu
1447 2777 1565 2854 gloriae

288 2871 481 2930 consortium
504 2870 651 2927 mutatum
676 2879 763 2932 esse,
788 2864 840 2939 qui
863 2877 944 2922 nuno
956 2861 1052 2938 judex
1073 2864 1196 2923 futurus
1220 2869 1306 2923 esset
1327 2863 1521 2924 adversariis

290 2956 332 3036 ῗρο
376 2955 433 3030 Qui
456 2954 493 3013 de
516 2951 675 3026 evangetio
699 2947 778 3026 apud
801 2949 917 3008 interos
932 2948 1108 3026 praedicato
1130 2950 1223 3009 verba
1240 2951 1404 3027 accipiunt,
1426 2953 1567 3010 statuunt

289 3045 348 3120 ipsi
372 3058 494 3119 quoqne
517 3039 622 3097 diiuvii
645 3035 829 3094 mentionem
853 3035 920 3094 fieri
942 3039 1071 3112 propter
1095 3034 1176 3094 iilius
1199 3052 1268 3094 cum
1290 3041 1428 3096 extremo
1447 3034 1563 3112 iudicio

290 3121 551 3189 οίσιίλίίοιλλιιοιιι.4
596 3121 656 3182 Sed
679 3121 726 3180 vis
749 3122 920 3179 sententiae
943 3127 975 3179 et
996 3137 1110 3180 nervus
1134 3135 1195 3178 non
1224 3123 1254 3180 in
1278 3120 1382 3182 diluvii
1409 3123 1564 3182 mentione

289 3215 454 3290 conspicua
485 3215 570 3280 sunt,
601 3207 655 3268 sed
684 3208 714 3264 in
746 3198 868 3264 Christi
888 3223 956 3265 cum
985 3206 1044 3265 illis
1072 3207 1124 3282 qui
1154 3204 1267 3265 diluvio
1295 3209 1455 3283 perierunt
1483 3222 1564 3268 eom·

290 3300 437 3362 nrercio.⁶
486 3295 572 3371 Quod
598 3296 624 3354 si
649 3291 755 3369 judicii
784 3291 1012 3352 similitudinem
1042 3291 1135 3350 habet
1165 3291 1292 3363 nullam,
1321 3294 1478 3354 evanescit
1502 3294 1562 3354 ista

290 3387 384 3446 attera
415 3400 506 3461 quam
536 3381 594 3440 hoc
622 3379 688 3437 ioco
717 3377 875 3436 invenisse
903 3376 962 3437 sihi
991 3379 1049 3437 visi
1079 3383 1152 3437 sunt
1183 3377 1356 3439 similitudo.
1410 3380 1564 3440 Docemur

290 3473 413 3550 quidem
442 3469 524 3528 ane
551 3465 666 3524 Wettio
696 3461 771 3521 haec
801 3461 839 3534 de
865 3461 978 3522 Christi
1009 3462 1087 3540 apud
1114 3463 1230 3524 inferos
1260 3463 1487 3541 praedieatione
1517 3467 1563 3524 in-
1633 3484 1636 3497 ·

288 3559 411 3636 herponi
446 3557 625 3630 propterea,
657 3548 739 3626 quod
776 3549 865 3607 simui
896 3549 970 3608 insit
1003 3565 1064 3626 quo
1098 3548 1241 3610 differant
1274 3550 1400 3611 similia·
1420 3551 1470 3611 illa
1501 3549 1561 3611 duo

284 3645 412 3720 judicia,
444 3644 478 3698 nt
505 3637 724 3696 sententiarum
749 3635 847 3694 series
870 3634 946 3694 haee
969 3637 1023 3694 sit:
1054 3641 1115 3716 „In
1139 3641 1195 3700 der
1216 3641 1305 3700 Facto
1328 3642 1449 3702 detester
1472 3641 1562 3716 disje-
1637 3704 1644 3718 .
1754 3611 1755 3648 ³

288 3737 392 3809 ripen,
416 3728 525 3789 melche
544 3724 712 3801 fleischltch
733 3725 832 3799 peleht
853 3726 972 3799 hatten,
996 3726 1062 3786 ihre
1083 3726 1198 3786 Sodald
1220 3728 1273 3786 mit
1298 3727 1392 3787 threan
1414 3727 1560 3802 Fletoche,

288 3818 434 3878 odhrend
459 3829 518 3874 ουν
544 3811 665 3886 Wentqe
692 3811 739 3868 ato
769 3813 824 3869 der
852 3810 941 3870 Same
969 3813 1025 3871 der
1050 3813 1234 3887 pelduterten
1254 3811 1448 3895 ‘Mmsehheit
1473 3814 1562 3889 tibriq

268 3905 420 3982 ,hiisdem
448 3902 478 3958 tn
501 3899 556 3958 der
578 3899 685 3957 lctzten
708 3896 775 3956 Zeit
795 3896 939 3974 λίιιροραι
962 3913 1017 3956 σοι
1039 3899 1105 3957 dem
1124 3899 1271 3973 ponpam
1296 3898 1434 3960 Gertchte
1461 3899 1562 3959 nesso

357 4085 380 4135 1.
399 4081 548 4146 Wiesinger
561 4077 681 4146 probavit
693 4083 764 4130 certe
783 4078 943 4131 nullomodo
960 4085 995 4146 tp.
1007 4079 1082 4141 244),
1101 4092 1167 4144 quae
1180 4083 1216 4147 (p.
1228 4081 1287 4140 25ολ
1299 4095 1450 4132 asseverare
1465 4073 1559 4132 'audetz

289 4155 355 4218 „res
372 4155 467 4202 medates
489 4147 801 4212 normanniamque,
822 4152 883 4200 dass
903 4150 942 4199 hei
959 4150 1044 4198 dieser
1065 4147 1182 4216 Faraunp
1202 4147 1250 4212 [de
1273 4150 1402 4218 evangelii
1425 4148 1559 4218 praediea·

288 4224 368 4281 tione)
386 4221 427 4272 die
442 4220 575 4270 Wahrdea't
589 4220 632 4270 des
648 4218 746 4268 Woctes
760 4209 820 4267 alde
838 4212 934 4283 κύριος
951 4214 1006 4266 κτλ.
1027 4216 1121 4270 2Petr.
1134 4217 1175 4280 11,
1192 4219 1209 4269 9
1228 4220 1426 4288 λιάυλυᾶολλίρί
1443 4221 1558 4274 tcdrde.“

355 4311 378 4358 2.
398 4304 447 4356 Cir.
467 4303 593 4372 imprimis
612 4301 773 4354 Bruechneri
792 4302 822 4352 sd
842 4302 948 4352 alteram
967 4301 1037 4352 Petri
1056 4301 1193 4369 epistolam
1212 4302 1441 4356 introductionem.

356 4396 379 4446 3.
400 4391 449 4442 Ch.
463 4391 538 4442 Hehr.
550 4389 621 4449 XL?
636 4385 822 4456 κατέκρινε
836 4386 913 4447 λλλοδ,
930 4387 972 4438 cui
986 4385 1130 4438 infidelium
1144 4390 1208 4441 sorti
1221 4390 1361 4457 opponitur
1372 4389 1472 4442 Noaehi
1483 4403 1557 4458 pree·
1585 4403 1588 4422 ¹

287 4462 430 4516 clarissima
449 4490 482 4498 -
500 4459 557 4526 τῆς
573 4454 658 4509 κατὰ
678 4458 802 4508 πίστιν
821 4449 1048 4522 δικαιοσύνης
1062 4449 1174 4524 ἐγένετο
1192 4451 1408 4528 κληρονόμος.

353 4553 375 4602 4.
396 4547 432 4598 De
453 4548 549 4598 Wette:
568 4546 636 4606 „me
655 4545 732 4596 Fluth
749 4544 803 4593 und
819 4543 866 4592 das
878 4545 986 4610 jainpste
1007 4543 1111 4594 Ger'a'cht
1129 4543 1196 4606 (W,
1208 4544 1242 4608 t)
1262 4546 1323 4594 sind
1337 4545 1390 4597 ihm
1408 4546 1450 4598 rite
1467 4546 1557 4598 dodon

285 4635 390 4687 pressea
413 4615 603 4682 Wendepundte
619 4615 664 4676 fiir
686 4615 727 4664 die
745 4611 930 4664 Menschhet't.‘¹
966 4609 1392 4677 cn·.i1uther·:,‚nnsunapnrn
1415 4615 1557 4682 ρίοίολεσιλ
1754 4599 1755 4620 ’

286 4691 333 4739 δαν
357 4686 473 4751 Vorrpiel
489 4685 533 4734 des
551 4685 643 4734 lctaten
664 4681 809 4732 Ger·io}rta.“
848 4679 897 4730 (λίς.
917 4678 1031 4744 Bengel,
1050 4679 1213 4745 strigenai.

354 4775 376 4825 h.
393 4769 445 4856 Cir.
464 4783 542 4833 supra
560 4766 715 4832 Wiesinger.
1155 4766 1159 4774 ’
