3516 5360
531 349 675 404 'Craterus
691 361 723 400 ur
741 351 825 403 arduo
842 357 944 406 nriaou
965 347 1136 407 thrutrrrrns.
1440 347 1481 410 65

117 564 124 569 -
207 535 244 582 aa
266 516 439 596 conspicua.
475 516 604 578 Omnino
624 515 701 578 liber
714 514 763 598 ille
780 515 885 575 ‘rerum
902 520 974 576 tunc
992 518 1121 596 maxime
1139 504 1377 598 disceptatarurn
1394 518 1482 580 testi·

197 601 307 668 monio
324 605 419 676 valet,
441 604 564 662 minime
583 616 657 662 vero
674 601 866 679 disceptandi
881 603 1011 662 rationis
1028 602 1220 665 auctoritate.
1238 599 1392 686 'Exemplo
1410 591 1481 666 esse

204 689 308 772 potest
331 697 461 767 uterque
485 693 517 748 et
537 687 636 749 Judae
660 694 691 747 et
712 689 796 748 Petri
820 689 918 755 locus,
944 706 1004 765 quo
1029 689 1202 750 castissimo
1226 689 1315 750 modo
1339 683 1480 768 tetigisse

205 781 303 856 magis
327 775 584 854 quam'docuisse
608 777 790 851 mysterium
812 773 884 834 ilh1d
913 775 1100 835 horrendum
1129 775 1212 837 soliti
1240 779 1302 837 sint
1330 778 1478 854 apostoli·

205 865 297 942 idque
321 862 403 940 quod
419 863 530 922 summi
546 863 692 920 momenti
711 866 758 920 est
780 877 840 920 non
858 861 950 920 alium
973 863 1003 920 in
1027 863 1120 922 tinem
1138 861 1196 926 nisi
1213 867 1248 922 ut
1264 853 1406 924 severum
1424 825 1480 923 Ded

201 950 349 1028 judicium
372 943 403 1008 in
427 948 566 1006 homines
590 948 674 1006 carni
698 946 818 1006 deditos
843 947 923 1016 llud.
940 947 967 1008 8.
995 947 1109 1008 2Petr.
1125 947 1165 1020 ll,
1183 949 1231 1028 io)
1255 948 1414 1029 verboque
1432 939 1479 1008 'diss
1547 992 1549 1000 ‚

204 1033 274 1098 rino
298 1050 427 1112 prorsus
451 1031 664 1093 inobedientes
687 1036 822 1108 grauiter
844 1038 1063 1108 proponerent.

290 1139 373 1198 Petri
402 1132 435 1196 in'
463 1137 530 1196 loco
560 1135 596 1195 de
620 1153 681 1213 quo
705 1138 806 1212 agitur
828 1141 933 1212 aperte
957 1153 1016 1195 non
1042 1118 1191 1196 intererat
1212 1137 1379 1214 significari
1407 1133 1480 1214 quid

205 1228 329 1286 omnino
353 1224 567 1300 peccavissent
584 1221 639 1292 illi,
665 1221 718 1282 sed
744 1219 894 1302 adquam
913 1239 987 1282 suae
1004 1227 1113 1282 aetatis
1131 1221 1367 1284 similitudinem.
1405 1223 1480 1282 illne

204 1310 410 1372 inobedientia
441 1307 573 1385 fideique
608 1306 746 1367 deiectus
777 1309 955 1388 animorum¹
980 1307 1111 1385 denique
1148 1309 1312 1370 offirmatio
1344 1314 1478 1383 notatur,
1572 1343 1578 1360 ι

206 1397 448 1458 Christianorum
461 1399 561 1454 status
579 1411 646 1453 curn
661 1411 826 1470 paucorum
839 1391 954 1454 Noachi
968 1396 1156 1455 consortium
1171 1399 1376 1474 comparatur.
1394 1390 1480 1466 llaud

206 1480 298 1544 dubie
313 1482 437 1552 similia,
451 1477 549 1558 'atque
564 1480 693 1540 Lothum
710 1489 833 1558 passum
859 1497 930 1539 esse
953 1479 1153 1542 aSodomitis
1177 1483 1206 1540 in
1230 1481 1325 1541 altera
1350 1480 1479 1558 epistola
1534 1476 1538 1554 j

205 1569 340 1630 retertur
363 1567 413 1642 (ll,
432 1569 460 1630 7.
474 1565 513 1644 8),
537 1565 695 1626 toleranda
711 1571 798 1626 erant
815 1565 940 1626 Noacho
958 1569 1059 1644 iisque
1083 1569 1219 1644 quicum
1243 1567 1294 1628 illo
1318 1565 1479 1635 iaciebant,

206 1655 251 1716 ΑΙ)
275 1655 419 1733 opinione
444 1659 544 1713 autem
569 1651 618 1713 illa
635 1654 757 1728 antiqua
773 1651 809 1711 de
826 1653 960 1712 criminis
978 1659 1098 1724 natura,
1116 1652 1197 1730 quod
1215 1652 1319 1714 diluvii
1330 1651 1479 1734 judicium

206 1744 289 1818 genti
307 1740 500 1801 Noaehiticae
519 1744 727 1806 contraxerat,
752 1740 777 1797 si
797 1737 1011 1804 abhorruisset
1027 1739 1200 1815 apostolum,
1221 1757 1322 1816 neque
1346 1734 1479 1812 carceris

206 1827 461 1905 significationem
489 1827 531 1884 ita
555 1827 599 1884 uti
631 1823 761 1883 vidimus
791 1826 878 1902 quasi
902 1826 1139 1900 praeformatam
1163 1830 1234 1901 apte
1258 1825 1415 1904 potuisset
1433 1841 1481 1885 re*

206 1917 321 1992 cipere,
349 1930 449 1990 neque
472 1913 497 1970 si
522 1910 671 1986 evangelii
694 1907 922 1988 praedicatione
946 1929 1002 1987 per
1025 1911 1179 1972 Christum
1201 1911 1281 1996 taeta
1297 1926 1352 1970 eos
1371 1911 1480 1985 dignos

203 2000 377 2070 habuisset,
402 1998 510 2058 leviter
533 2003 563 2056 et
589 1991 921 2073 quasipraetoreundo
946 2014 1011 2058 rem
1036 1997 1196 2058 absolvere
1217 1997 1365 2058 licuisset.
1403 1995 1481 2078 Quin

204 2088 296 2146 immo
319 2087 349 2144 in
373 2087 456 2144 tanta
481 2099 540 2160 qua
564 2081 722 2160 apostolus
746 2084 842 2141 utitur
865 2086 1017 2143 sermonis
1035 2084 1199 2155 brevitate,
1218 2082 1289 2160 quid
1306 2084 1372 2162 ipse
1391 2099 1480 2160 prae7

204 2176 289 2232 terea
303 2171 339 2230 de
356 2169 477 2230 illorum
495 2170 631 2228 criminis
650 2173 680 2226 et
696 2185 815 2246 poenae
829 2173 937 2228 natura
953 2171 1098 2230 statuerit
1112 2168 1322 2246 docueritque,
1337 2167 1481 2248 explicari

204 2273 266 2318 non
283 2257 371 2317 aliter
387 2273 481 2333 posse
498 2253 620 2315 videtur
638 2257 729 2330 atque
748 2255 785 2312 eir
802 2255 953 2315 communi
969 2256 1051 2316 illius
1070 2257 1179 2316 aetatis
1194 2255 1366 2316 traditione.
1394 2251 1480 2328 Quod

206 2346 232 2403 si
254 2349 434 2404 concessum
459 2343 520 2410 erit
542 2342 611 2418 quis
636 2355 751 2417 quaeso
770 2342 907 2418 potuerit
930 2339 988 2400 sihi
1012 2341 1201 2420 persuadere
1217 2341 1344 2401 Petrum
1360 2339 1480 2414 docere,

206 2430 329 2489 immani
358 2428 401 2486 illi
424 2417 575 2488 scelerum
599 2429 798 2503 pernicieque
821 2425 1021 2499 multitudini,
1046 2433 1209 2489 concretae
1227 2429 1315 2504 quasi
1334 2444 1371 2486 ex
1389 2443 1481 2502 ange,-

204 2514 303 2575 lorum
322 2517 353 2574 et
371 2513 526 2574 hominum
545 2517 669 2583 natura,
691 2511 845 2572 Christum
871 2515 1109 2589 evangelium
1130 2513 1296 2594 attulisse!¹
1321 2511 1403 2574 Nihil
1417 2512 1482 2589 jauo

203 2601 296 2673 valet,
323 2595 384 2678 qua'
403 2603 436 2659 in
459 2617 493 2658 re
515 2599 650 2675 haesitat
671 2599 860 2674 Wieslnger,
886 2597 967 2676 quod
992 2599 1133 2660 Christus
1157 2618 1250 2680 quum
1272 2603 1304 2662 iu
1318 2615 1363 2668 ‚eo
1387 2588 1482 2664 fuerib

206 2694 240 2747 ut
259 2685 434 2746 hominibus
459 2685 596 2762 adeoque
620 2687 668 2745 sui
691 2684 943 2745 interlectoribus
966 2687 997 2744 in
1018 2686 1130 2746 mundo
1149 2703 1256 2764 pacem
1276 2685 1480 2756 annuntiaret,

205 2789 366 2852 perperam
391 2771 498 2832 eodem
521 2777 660 2848 tempore
684 2775 810 2848 putetur
828 2770 936 2848 judicii
960 2789 1072 2850 praeco
1096 2773 1177 2834 inter
1201 2770 1342 2832 infideles
1372 2771 1482 2846 aetatis

204 2857 385 2920 Noaehicae.
426 2862 465 2917 At
481 2873 666 2935 quocunque
690 2864 829 2937 tempore
852 2856 925 2940 iiiuc
946 2858 1020 2917 abiit
1043 2856 1198 2930 Christus,
1223 2856 1275 2918 ubi
1292 2854 1482 2918 retinebatur

205 2945 254 3005 illa
274 2962 349 3023 gens
367 2945 490 3004 immani
514 2943 641 3004 crimine
663 2943 830 3020 implicata,
854 2960 916 3004 non
940 2945 1040 3022 potuit
1063 2961 1123 3004 non
1147 2961 1214 3007 cum
1240 2959 1347 3005 severa
1368 2941 1483 3020 judicis

206 3032 358 3098 sententia
378 3031 497 3091 sancire
522 3033 553 3088 et
575 3027 757 3090 con'iirmare
779 3030 900 3089 uincula
925 3030 973 3090 illa
997 3030 1109 3110 quibus
1136 3030 1255 3092 seclusa
1280 3030 1317 3089 ah
1341 3027 1483 3090 omnihus

205 3117 334 3194 reliquis
362 3117 524 3196 impiorum
549 3117 656 3176 animis
679 3119 841 3175 teneretur
868 3133 924 3175 sua
947 3122 1058 3193 sponte
1087 3133 1207 3196 suoque
1238 3117 1347 3178 merito
1371 3113 1483 3175 tradita

207 3205 238 3264 in
262 3205 356 3264 sortis
381 3221 478 3280 aeque
501 3206 593 3280 atque
617 3202 787 3280 iniquitatis
811 3216 880 3260 cum
903 3201 1021 3281 angelis
1045 3200 1132 3278 malis
1156 3201 1377 3264 consortium.¹
1471 3261 1475 3269 ,

291 3308 472 3368 Aretissime
491 3307 554 3382 Jam
578 3303 717 3366 videmus
739 3303 823 3364 Petri
853 3301 890 3364 de
920 3303 1072 3382 descensu
1104 3307 1290 3368 seutentiam
1317 3303 1485 3370 cohaerere

206 3409 273 3453 curn
300 3391 414 3453 Christi
436 3391 474 3452 de
497 3409 594 3468 regno
618 3390 730 3452 diaboli
754 3391 910 3468 triumpho
934 3409 1030 3470 quem
1049 3398 1120 3468 post
1143 3394 1235 3475 uitam
1260 3391 1375 3468 gloriae
1396 3407 1484 3452 recu-

205 3481 342 3557 peratam
367 3481 398 3538 in
421 3479 528 3537 inieris
552 3484 652 3538 actum
677 3495 747 3540 esse
778 3475 908 3538 ecclesia
938 3477 1109 3545 Christiana
1137 3479 1174 3540 ab
1204 3477 1291 3538 initio
1322 3493 1383 3539 uuo
1413 3493 1484 3539 con·

207 3581 303 3625 sensu
328 3564 469 3640 professa
494 3567 555 3634 cst,
581 3582 671 3642 quem
695 3561 825 3624 eundem
848 3561 1042 3626 Lutheranae
1066 3570 1192 3626 nostrae
1216 3562 1373 3626 confessio
1394 3561 1486 3625 finem

95 3693 99 3701 .
206 3647 296 3710 docet
320 3666 415 3708 uuum
438 3649 535 3708 luisse
559 3649 672 3710 Christi
695 3648 919 3711 descendentis.
955 3653 999 3712 Ac
1023 3653 1129 3711 nescio
1153 3666 1191 3710 an
1215 3648 1364 3726 postulari
1385 3664 1486 3748 paene

207 3734 319 3806 dicam,
338 3733 397 3794 etsi
417 3733 498 3794 nullo
512 3751 619 3794 sacrae
636 3735 806 3812 scripturae
824 3735 892 3794 loeo
911 3736 1002 3797 claris
1019 3735 1123 3796 verbis
1141 3733 1302 3805 doceatur,
1318 3734 1486 3806 Christum,

205 3826 371 3902 postquam
397 3821 526 3879 mortem
550 3837 719 3896 perpessus
743 3827 792 3881 est
815 3823 938 3900 vitaque
961 3826 1142 3900 recuperata
1164 3820 1275 3882 diaboli
1294 3837 1388 3898 opera
1407 3818 1488 3880 dele·

205 3909 250 3968 rit
275 3909 303 3986 (i
322 3906 391 3968 doh.
411 3904 464 3984 iii,
482 3904 510 3966 8.
537 3904 598 3964 Col.
617 3905 655 3977 ll,
675 3908 711 3968 15
734 3907 799 3982 al),
824 3908 972 3971 victoriae
996 3912 1171 3988 reportatae
1193 3907 1364 3983 reiectique
1388 3904 1488 3969 damni

207 3993 380 4071 epeccatis
408 3990 520 4052 exorti·
539 3992 736 4067 praeconium
769 3991 804 4049 ad
839 4009 908 4054 eum
938 3997 1070 4076 primum
1096 3993 1259 4064 detulisse,
1290 3994 1343 4070 qul
1371 3992 1488 4070 primus

206 4083 388 4158 peccaverat
413 4078 636 4154 exstiteratque
662 4078 798 4152 pernicie
829 4082 952 4153 generis
975 4081 1099 4142 humani
1123 4086 1238 4142 auctor.
1285 4075 1372 4154 Quod
1396 4095 1490 4155 quum

210 4166 343 4243 apostoli
365 4181 426 4225 non
453 4160 574 4222 aliunde
598 4162 657 4221 nisi
682 4162 840 4238 exipsius
865 4163 978 4226 Christi
1002 4165 1178 4245 etquidem
1202 4185 1219 4229 e
1243 4165 1373 4226 mortuis
1401 4161 1490 4224 redu

211 4311 411 4322 u———m--o--n-

277 4389 300 4438 i.
325 4385 446 4438 Fortasse
464 4383 524 4436 inde
546 4382 727 4450 explicandum
748 4385 788 4434 est
806 4396 852 4432 cur
871 4382 964 4434 Petrus
982 4399 1077 4435 nomen
1094 4385 1158 4438 illud
1178 4380 1335 4457 hrodperto,
1355 4383 1426 4453 quod
1445 4382 1490 4437 ubl

207 4453 360 4520 simpliciter
380 4456 486 4521 ponitur
506 4452 538 4504 de
558 4453 659 4519 angelis
684 4451 796 4518 intelligi
817 4452 898 4512 solet,
923 4454 1041 4519 quamvis
1061 4453 1092 4504 de
1117 4455 1250 4506 hominum
1275 4456 1369 4506 animis
1393 4453 1489 4506 diserte

207 4530 312 4590 agatur,
337 4539 434 4589 ponere
460 4523 587 4574 maluerit.
624 4521 674 4574 Cir.
694 4523 771 4573 Bauri
794 4522 949 4574 senteutiam
966 4522 1077 4574 similem
1098 4523 1114 4572 i.
1131 4524 1147 4574 l.
1185 4523 1259 4574 Certe
1281 4540 1358 4590 quam
1378 4525 1489 4576 maxime

207 4591 383 4652 confirmatur,
399 4605 478 4658 quum
494 4609 519 4644 v.
531 4593 564 4644 2¹2
575 4593 662 4658 angeli
682 4606 825 4658 eorumque
846 4605 925 4658 regna
943 4591 1063 4660 subjecta·
1078 4599 1317 4644 commemorantur
1333 4591 1426 4644 Christi
1442 4594 1489 4644 im·

206 4663 288 4728 perio.
327 4660 723 4728 Ci'r.Eph.lV,8.Col.ll,15.'
1085 4731 1107 4740 ΙΙ
1151 4653 1220 4742 'vv-3¹·
1278 4717 1378 4736 Ι
