3516 5360
893 911 958 986 ιιι.

654 1091 999 1190 borhtrici
1040 1092 1206 1189 rins.

378 1341 494 1417 Dogma
525 1337 562 1398 de
593 1339 707 1399 Christi
735 1356 803 1400 cum
830 1339 937 1399 inferis
966 1325 1270 1416 commercio'quum
1299 1341 1337 1400 iis
1365 1357 1443 1417 qnae
1471 1339 1569 1400 adhuc

294 1428 372 1488 dicta
396 1430 469 1486 sunt
489 1427 586 1501 priori
608 1425 651 1484 ilii
672 1423 814 1485 Petrinae
837 1425 985 1501 epistolae
1009 1425 1077 1485 loco
1100 1427 1190 1502 elque
1210 1425 1267 1486 soli
1286 1424 1459 1486 vindicasse
1480 1426 1569 1485 nobis

294 1511 459 1583 videamur,
475 1515 574 1572 restat
585 1511 761 1588 quaestioa
786 1511 948 1572 verborum
973 1511 1095 1588 quidem
1114 1511 1367 1588 interpretatione
1388 1511 1502 1582 aliena,
1518 1529 1569 1573 ve·

292 1618 360 1661 rum
379 1598 559 1676 gravissima
583 1596 619 1657 ad
642 1597 726 1656 Petri
750 1595 787 1657 de
811 1595 962 1656 descensu
985 1597 1098 1657 Christi
1115 1599 1297 1658 sententiam
1321 1599 1418 1658 omni
1425 1602 1569 1674 exparte

293 1683 519 1762 intelligendam
534 1688 565 1743 et
580 1681 798 1743 illustrandam
827 1683 990 1758 Quaeritur
1009 1682 1079 1760 qnid
1096 1671 1155 1743 sibi
1167 1683 1240 1744 velit
1256 1683 1323 1743 ilie
1340 1683 1485 1744 Christi
1509 1683 1569 1744 de·

294 1769 725 1845 scensnsadantiquum
741 1767 1008 1829 Noachrtarurn
1025 1787 1141 1845 genus
1162 1768 1478 1846 restringendus
1499 1785 1569 1829 nam
1617 1761 1626 1772 ⁸

292 1857 330 1918 ad
353 1857 429 1917 alios
453 1874 521 1916 eum
544 1857 733 1932 pertinuisse
758 1871 796 1915 ne
815 1855 979 1931 vestigium
994 1853 1147 1932 quidem
1139 1873 1170 1915 ιιι
1185 1856 1242 1915 hoc
1259 1856 1357 1916 aliove
1374 1855 1420 1918 Ni.
1437 1855 1482 1915 Ti
1501 1855 1569 1915 loco

292 1945 456 2020 reperitur
495 1931 601 2018 Neque
625 1940 787 2017 expeditur
810 1942 951 2019 quaestio
973 1941 1048 2001 haec
1071 1941 1247 2002 difficillima
1271 1943 1311 2001 ita
1335 1949 1369 2001 ut
1397 1946 1569 2002 statuamus

214 2105 217 2115 1
293 2034 421 2107 propter
433 2027 492 2088 loci
504 2029 654 2087 rationem
667 2043 900 2087 commemorari
891 2025 987 2087 dunt
974 2033 1058 2086 taxat
1069 2025 1141 2088 iilud
1153 2027 1319 2087 infidelium
1330 2045 1428 2110 genus
1441 2027 1569 2104 reliquis

295 2115 416 2177 silentio
434 2114 665 2190 praetermissis
684 2113 733 2190 (ci.
752 2131 843 2189 supra
858 2130 887 2188 p.
902 2114 941 2174 27
955 2114 1081 2190 sqq.);
1074 2130 1164 2173 immo
1188 2114 1282 2174 verba
1297 2113 1428 2190 apostoli
1443 2120 1569 2192 cogunt,
1609 2142 1612 2157 ·

293 2207 328 2262 nt
351 2200 388 2260 ad
410 2200 468 2259 hos
492 2199 576 2260 solos
600 2200 631 2258 in
654 2199 802 2274 singulari
824 2200 958 2258 carceris
982 2203 1065 2258 statu
1093 2204 1232 2260 retentos
1261 2199 1415 2260 Christum
1444 2198 1570 2260 descen-

293 2287 377 2348 disse
386 2287 572 2386 cogitemus.
608 2283 669 2345 Sed
686 2302 761 2345 sane
777 2286 873 2344 totius
891 2283 949 2343 loci
973 2286 1188 2362 interpretatio
1206 2303 1277 2344 num
1294 2289 1377 2346 recta
1395 2287 1435 2345 sit
1450 2303 1570 2346 summo

292 2391 361 2435 cum
379 2374 451 2451 J'ure
475 2370 658 2448 ambigetur,
684 2370 782 2431 donec
803 2369 965 2448 probatum
989 2372 1048 2430 erit
1071 2371 1184 2431 Christi
1202 2371 1238 2430 ad
1254 2388 1350 2447 genus
1368 2369 1439 2430 illud
1455 2370 1569 2432 diluvio

178 2489 182 2507 ι
292 2463 484 2538 peremptum
508 2455 741 2518 descensionem
763 2473 820 2536 per
843 2473 877 2516 se
900 2461 1068 2532 spectatam
1092 2456 1205 2518 habere
1228 2458 1376 2558 justam'
1368 2475 1400 2516 m
1418 2458 1570 2532 dogmatis

293 2545 474 2606 Christianis
497 2544 657 2603 rationem

381 2630 424 2691 Ad
449 2627 626 2690 solvendam
649 2629 727 2689 hanc
751 2629 964 2706 quaestionem
987 2627 1066 2688 haud
1090 2645 1197 2706 parum
1229 2627 1379 2690 conducet
1407 2627 1567 2706 ablegasse

292 2720 423 2798 primum
446 2715 482 2774 ad
505 2717 779 2792 comparationem,
802 2731 880 2792 quae
899 2718 931 2774 ut
953 2717 983 2774 in
1000 2714 1067 2774 allis
1086 2713 1132 2775 Ni.
1151 2715 1196 2775 ΤΙ.
1222 2717 1298 2776 locis
1326 2715 1363 2775 ab
1381 2714 1462 2786 aliis
1486 2716 1530 2775 sic
1551 2731 1569 2774 a

294 2805 387 2865 Petro
412 2805 442 2862 ln
466 2801 562 2861 altera
586 2800 716 2878 epistola
739 2801 879 2862 instituta
903 2805 952 2860 est
973 2801 1054 2861 inter
1073 2800 1177 2862 diluvii
1200 2807 1231 2861 et
1253 2803 1382 2862 extremi
1400 2800 1509 2878 judicii
1523 2817 1571 2861 ra-

294 2893 407 2951 tionem
433 2893 464 2948 ct
487 2885 626 2947 aetatem.
662 2884 921 2964 Opponuntnribi
944 2885 1010 2963 (ΙΙΙ,
1028 2887 1056 2950 6.
1076 2886 1106 2964 7)
1129 2889 1274 2964 antiquus
1297 2886 1404 2947 ilicet
1391 2888 1473 2964 tqui
1492 2903 1572 2947 nune
1636 2935 1649 2962 ,

194 3027 200 3048 ,
294 2977 343 3038 est
365 2973 532 3036 mundust
534 2991 664 3050 anquam
686 2989 817 3050 prorsus
838 2972 967 3043 diversi,
997 2972 1075 3032 alter
1094 2973 1311 3050 pessumdatus
1331 2990 1428 3051 aquae
1453 2974 1496 3044 vi,
1527 2975 1591 3033 Ιιι-’

296 3061 404 3123 cendio
433 3058 583 3120 delendus
613 3059 724 3130 alter,¹
755 3075 793 3118 ex
825 3075 886 3134 qno
918 3058 1005 3126 facile
1030 3059 1214 3160 concludas,
1249 3061 1321 3119 item
1353 3058 1506 3119 diversam
1540 3059 1572 3118 in

297 3149 424 3210 alterius
445 3145 544 3206 utrius
567 3144 672 3205 mundi
694 3145 777 3204 cives
793 3144 933 3204 obtinere
945 3129 1055 3220 judicii
1077 3149 1124 3204 rat
1126 3147 1234 3205 ionem.
1269 3144 1451 3207 Absolutum
1471 3145 1573 3205 cohle-

296 3239 440 3312 otumque
461 3231 583 3293 videtur
604 3229 677 3290 illud
700 3230 738 3290 de
762 3232 888 3306 antiquo
911 3229 987 3289 orbe
1004 3229 1162 3306 judicium.
1215 3231 1272 3322 Qui
1296 3231 1458 3308 perierunt
1480 3233 1510 3291 in
1529 3229 1573 3290 di·

296 3320 378 3382 luvio
405 3318 519 3380 nullam
548 3317 741 3394 reliquerunt
767 3315 947 3392 progeniem
976 3315 1025 3375 sui
1056 3315 1200 3389 sirnilem;
1229 3311 1396 3394 exstirpata
1424 3316 1573 3378 radicitus

297 3409 380 3468 omni
402 3405 452 3466 illa
474 3402 594 3481 perdita
618 3408 709 3480 gente
731 3419 844 3462 novum
867 3402 957 3478 quasi
979 3418 1082 3461 rernm
1105 3397 1287 3480 principium
1310 3405 1510 3464 constituitur
1531 3399 1573 3464 al·

217 3497 225 3514 ”
297 3499 407 3570 terque
430 3489 579 3560 Adamas,
603 3491 673 3549 novi
696 3488 818 3586 generis
842 3489 950 3546 auctor
973 3505 1027 3547 exs
1028 3487 1255 3549 tititNoachus.
1292 3490 1451 3566 Quotquot
1470 3493 1573 3549 autem

297 3594 472 3657 exgenere
500 3569 625 3650 antiquo
655 3572 791 3650 pernicie
818 3573 944 3633 luerunt
974 3573 1114 3647 obnoxii,
1144 3575 1272 3636 vinculis
1301 3577 1434 3636 carceris
1462 3575 1573 3635 interni

299 3669 445 3726 tenentur
468 3661 520 3739 (ΙΙ,
535 3663 562 3722 5
575 3659 605 3722 9
633 3659 714 3735 lEp
727 3658 766 3718 lil
773 3659 854 3735 ,Ι9).

384 3751 497 3810 Contra
526 3743 606 3823 quod
635 3744 823 3822 ludaeorum
854 3763 929 3822 gens
953 3763 1045 3824 passa
1074 3752 1123 3808 est
1152 3749 1182 3806 in
1211 3746 1495 3825 hierosolymorum
1523 3743 1573 3807 ex'-
1678 3792 1680 3801 ,

298 3824 485 3915 pugnatione
503 3831 666 3909 Judieium‚
689 3829 720 3891 id
744 3830 824 3932 quod
848 3833 972 3908 saepius
996 3834 1089 3894 etiam
1111 3838 1305 3912 comparatur
1333 3851 1402 3893 cum
1425 3838 1573 3904 extremo,

298 3923 550 3985 continuatur
578 3918 751 3978 etiamnunc
781 3919 813 3976 in
843 3917 901 3979 hoe
930 3917 1052 3979 mundo.
1100 3919 1183 3994 Quae
1211 3919 1292 3980 enim
1320 3924 1464 3996 superest
1491 3917 1572 3980 illius

299 4008 400 4087 gentis
429 4006 593 4082 progenies
622 4003 770 4064 obstricta
799 4008 923 4065 tenetur
950 4004 1100 4081 supplicio
1123 4005 1225 4067 divino
1254 4011 1346 4086 atque
1369 4024 1407 4066 ex
1436 4003 1573 4088 equdem
1666 4071 1671 4082 J
1754 4053 1755 4068 a

294 4090 402 4172 judicii
428 4090 650 4168 hierosolymis
675 4090 745 4150 olim
769 4092 898 4152 immissi
921 4092 1073 4150 sententia
1087 4089 1266 4166 traditaest
1284 4091 1465 4169 quibusdam
1484 4092 1573 4168 quasi

298 4180 428 4244 vinculis
451 4176 662 4237 obdurationis
685 4175 831 4237 divinitus
849 4177 1013 4253 injunctae.
1047 4175 1147 4238 Habes
1166 4177 1265 4239 simile
1283 4177 1425 4255 quiddam
1439 4177 1574 4238 carceris

299 4267 380 4328 illius
403 4264 529 4335 inferni,
552 4262 649 4323 habes
668 4263 838 4340 spiritualia
861 4263 950 4339 qnasi
965 4261 1112 4339 quaedam
1136 4265 1271 4335 vincula,
1295 4266 1326 4324 in
1343 4262 1455 4341 quibus
1466 4263 1575 4341 judieii

300 4353 470 4430 antiquitus
494 4349 621 4410 exhibiti
644 4366 794 4426 agnoscas
818 4349 1087 4410 continuationem.
1127 4349 1186 4410 Sed
1211 4352 1263 4427 qui
1285 4355 1429 4410 tenentur
1451 4349 1499 4410 his
1522 4349 1575 4409 ob·

300 4438 470 4500 durationis
487 4436 617 4497 vinculis
633 4453 726 4512 quum
746 4436 849 4495 vivant
870 4435 953 4494 inter
968 4435 1055 4495 vivos
1073 4434 1213 4513 adeoque
1235 4434 1427 4513 evangelium
1450 4435 1581 4510 audiant,

301 4527 382 4587 inter
405 4523 610 4592 Christianos,
634 4520 722 4580 facilc
745 4519 924 4597 intelligitur
947 4526 979 4582 et
993 4537 1054 4598 qno
1071 4523 1142 4598 Jure
1158 4520 1357 4599 adjudicanda
1372 4524 1410 4582 ils
1428 4524 1469 4583 sit
1483 4539 1574 4598 qnam
1664 4540 1665 4548 ¹

301 4646 493 4657 --·---....

368 4697 431 4755 1.,‚
432 4684 577 4743 -ὃτὸτε
594 4682 696 4770 adapes
718 4686 800 4740 ὕδατι
821 4689 1022 4747 κατακλυσθεὶς
1045 4685 1176 4743 ἀπωλετο.
1216 4688 1248 4740 Οἱ
1271 4687 1301 4742 dd
1328 4691 1379 4744 νῦν
1396 4688 1509 4764 οὐρανοὶ
1526 4689 1573 4743 καὶ

296 4758 414 4833 {Jy-iJ
414 4729 687 4830 ”ιε9ησαιιρισμένοι
706 4756 761 4810 εἰσι
780 4758 846 4830 πυρί
864 4789 896 4798 —
916 4787 957 4810 -—
