3516 5360
722 343 735 404 Ι
750 343 828 402 ruer.
844 343 896 413 ΙΙΙ,
916 339 964 400 18.
1445 337 1485 402 19

207 507 245 570 de
266 507 442 572 horninibus
460 506 608 586 judicatis
632 507 737 587 eaput,
759 510 941 574 vitentibus.
957 501 1122 588 πνεύματι,
1136 510 1247 576 nosue
1268 507 1336 572 loco
1357 506 1395 574 td
1416 524 1486 572 vcr-

206 593 280 658 bum
302 593 520 673 respondentia
542 596 654 658 nuliam
680 599 803 659 omnino
827 595 865 658 de
891 596 1024 674 apostoli
1046 598 1149 664 uento
1178 591 1341 660 admittunt
1368 593 1486 656 dubita-

207 681 333 744 tionem.
378 679 500 746 Ghristo
523 699 597 744 sane
620 687 728 746 natura
753 685 914 760 competit,
936 680 1018 760 qnod
1040 683 1137 758 gratia
1161 681 1293 745 donatur
1314 682 1485 758 peooatori-

123 773 126 778 '
206 765 273 830 bus.
311 766 394 841 Quae
416 767 502 830 Pauli
524 768 592 830 ioca
615 769 720 832 afferri
743 769 845 831 solent
866 768 1102 844 (Rom.1‚8.4.
1129 770 1144 830 1
1164 765 1306 840 Tium,
1327 766 1398 840 16),
1422 783 1484 828 non

204 869 335 932 prorsus
358 851 468 916 eodem
490 854 581 916 modo
604 863 779 933 comparata
802 872 874 916 esse
896 853 1048 947 uidentur.

289 939 418 1000 Veteres
441 939 508 1002 fere
525 957 647 1013 omnes,
665 943 873 1004 recentiorum
889 939 1026 1002 nonnulli
1041 955 1147 1008 vocem
1162 931 1366 1014 arripatorio
1383 937 1485 1002 dimna

204 1025 319 1088 Christi
331 1029 440 1086 natura
450 1026 648 1103 intelligunt,l
663 1032 696 1089 ot
707 1026 836 1089 eandem
847 1028 964 1088 referat
976 1026 1161 1088 sententiam
1174 1029 1282 1092 notter
1293 1023 1381 1090 loeus
1393 1041 1484 1102 quarn

203 1110 289 1172 Pauli
305 1110 355 1173 ille
372 1112 402 1186 (2
416 1111 484 1173 Gor.
497 1111 578 1184 xlii,
592 1114 641 1189 4)ss
664 1107 873 1190 ,,ἔσταυρώθη
891 1110 923 1185 ἐξ
937 1108 1118 1182 ἀσθενείας,
1136 1106 1217 1171 ἀλλὰ
1231 1107 1266 1192 ζῆ
1279 1109 1311 1176 ie
1326 1103 1487 1185 δυνάμεως

204 1198 319 1258 esesf‘
346 1195 434 1272 Quod
449 1196 486 1260 ad
500 1216 566 1260 rem
583 1201 707 1273 attinet,
726 1201 803 1262 satis
817 1203 912 1264 recte.
942 1197 1018 1266 Nam
1031 1203 1097 1264 tote
1112 1198 1266 1274 seriptum
1283 1200 1485 1276 contestatur,

205 1281 319 1347 Christi
333 1286 596 1351 resurrectionem
618 1303 681 1346 non
704 1287 765 1350 nisi
780 1285 881 1348 divina
896 1286 1033 1363 potentia
1052 1284 1194 1357 effecum
1208 1299 1290 1348 esse.
1326 1279 1387 1346 Sed
1404 1281 1493 1344 soiet‘

205 1385 221 1430 a
242 1368 335 1430 Petro
360 1369 451 1430 etiam
474 1370 518 1444 (l,
544 1375 576 1440 1,
592 1373 621 1436 3.
645 1373 710 1434 hot.
731 1371 770 1446 li,
789 1373 849 1448 24)
880 1371 945 1446 lieo
972 1373 1053 1450 patri
1074 1369 1170 1434 tribui
1199 1368 1254 1435 niu
1276 1368 1485 1439 resuscitatio,

205 1471 266 1516 non
288 1455 331 1516 ilii
353 1454 473 1518 diuinae
496 1459 653 1534 potentiae
677 1474 756 1535 quae
779 1460 810 1519 in
835 1457 958 1520 Christo
980 1459 1050 1535 ipso
1065 1457 1140 1528 init,
1164 1453 1203 1520 de
1229 1473 1289 1534 qua
1307 1456 1486 1521 necessario
1553 1465 1555 1478 '

204 1547 313 1604 nostro
336 1541 406 1604 loco
429 1542 624 1618 cogitandum
647 1548 740 1606 esset.
781 1542 891 1606 Obstat
914 1547 1006 1626 etiam
1028 1540 1185 1608 (latirus.²
1216 1539 1285 1606 Non
1307 1543 1355 1606 vis
1378 1545 1410 1602 et
1431 1557 1486 1618 po-

204 1628 315 1699 tentio,
340 1644 383 1690 er
405 1645 480 1705 qua
504 1631 639 1690 notarit
661 1647 740 1692 nova
763 1630 877 1692 Ghristi
900 1631 978 1703 vita,
1004 1627 1059 1696 sed
1082 1627 1230 1699 ambitus,
1258 1633 1293 1694 ut
1314 1630 1357 1690 ita
1379 1623 1485 1698 dicem,

206 1730 263 1778 seu
283 1714 364 1774 ratio
387 1718 420 1777 ot
446 1719 556 1776 natura
585 1717 667 1778 vitae
694 1716 786 1778 istius
815 1717 1022 1795 significatur,
1050 1731 1110 1793 quo
1134 1708 1276 1780 Christus
1307 1731 1325 1776 e
1354 1713 1486 1778 mortuis

204 1799 452 1864 sermocinari
497 1799 672 1878 Spiritnnlis
697 1802 815 1864 scilieet
842 1808 906 1872 est,
936 1803 1037 1867 earnis
1063 1802 1186 1876 inopiae
1214 1803 1247 1862 et
1274 1800 1486 1878 angustiosum

206 1902 334 1965 expers,
357 1885 487 1949 honoris
511 1893 543 1949 et
566 1888 682 1966 gloriae
704 1890 787 1950 vitae
809 1888 930 1952 divinam
953 1883 1149 1965 particeps3⁴
1175 1887 1221 1946 uti
1242 1885 1355 1949 Paulus
1384 1887 1487 1962 ipsum

182 1970 278 2033 'iilud
301 1989 428 2048 corpus,
451 1989 512 2049 quo
537 1973 662 2036 indutos
684 1975 752 2036 iore
776 1973 850 2038 dicit
871 1974 996 2046 fideles,
1018 1990 1089 2036 oum
1115 1973 1357 2045 resnseitantur,
1381 1971 1484 2048 appel-

205 2056 247 2119 iat
269 2059 361 2134 σῶμα
383 2055 598 2135 πνευματικόν.
645 2059 709 2135 Qua
732 2063 869 2137 potentia
891 2066 984 2122 utens
1008 2059 1150 2124 Christus
1172 2055 1301 2122 redierit
1328 2059 1374 2135 ΙιιΙ
1389 2059 1485 2118 vitam

205 2143 263 2206 hoo
285 2143 353 2206 loeo
377 2143 488 2207 dooere
511 2143 586 2207 nibil
608 2146 706 2224 reiert
728 2147 876 2224 apostoli,
908 2149 1001 2209 immo
1024 2148 1066 2210 ita
1089 2145 1250 2210 victoriam
1272 2146 1376 2210 erucis
1405 2159 1486 2206 mor·

205 2234 266 2294 tem
296 2234 433 2292 secutam
455 2228 616 2304 describit,
646 2238 681 2294 ut
707 2249 874 2312 congruam
904 2249 976 2296 esse
1004 2235 1152 2310 apparent
1178 2248 1247 2294 oum
1275 2235 1363 2294 sorte
1389 2229 1487 2292 bomi-

206 2333 292 2388 num,
310 2318 469 2393 justorurn
491 2323 593 2380 tamon
617 2323 649 2380 et
664 2321 800 2398 piorum,
820 2321 872 2398 qui
895 2324 928 2382 et
940 2320 1001 2397 ipsi
1018 2322 1149 2380 mortem
1167 2319 1271 2382 earnis
1290 2316 1433 2394 perpessi
1449 2313 1487 2380 ao

206 2403 299 2464 vitam
322 2402 482 2465 meliorem
504 2405 709 2466 resuscitandi
731 2407 803 2469 sint.
831 2404 1017 2468 Rectissime
1030 2403 1107 2468 uidit
1121 2401 1255 2466 Florius:
1280 2417 1373 2479 ,esse
1392 2418 1487 2479 quan·
1576 2461 1581 2468 ,

206 2487 274 2550 dom
301 2488 486 2553 locutionem
514 2508 532 2550 a
557 2494 715 2554 communi
745 2492 882 2554 omnium
909 2492 1031 2568 piorum
1057 2494 1143 2552 sorte
1177 2492 1330 2568 sumptam
1364 2491 1417 2550 aut
1448 2503 1489 2559 eo

206 2579 290 2639 corte
306 2575 565 2654 respicientem“⁶
580 2578 624 2638 ito
640 2582 742 2639 tamen
761 2583 797 2638 ut
811 2577 951 2639 Christus
967 2575 1161 2640 describetur
1182 2579 1328 2653 tanquam
1351 2572 1412 2636 dur
1434 2574 1488 2650 qai

205 2661 284 2722 viem
307 2663 464 2738 operuerit
491 2662 635 2741 reliquis:
661 2660 714 2722 ἵνα
738 2656 821 2741 ἡμᾶς
844 2657 1023 2743 προςὰγάγῃ
1044 2664 1091 2744 τῷ.
1110 2662 1191 2743 θεῷ,
1215 2654 1487 2733 reverberante

207 2743 312 2826 σαρκί,
336 2746 538 2834 (foeneretur
566 2747 601 2808 δὲ
621 2744 781 2822 πνεύματι.
827 2749 917 2826 Nune
946 2749 1055 2812 meiius
1078 2748 1295 2828 perspicietur,
1326 2763 1388 2824 quo
1414 2745 1486 2822 jure

206 2830 289 2894 istud
310 2826 487 2914 προςαγάγῃ
509 2838 552 2916 τῷ
578 2834 643 2916 θεῷ
665 2833 702 2896 ari
726 2837 930 2912 expiationem
953 2840 1151 2912 peccatorum
1173 2849 1212 2895 ue
1234 2834 1485 2910 restringeretur,

207 2916 360 2980 dehortati
384 2936 499 2982 sumus.
1128 2915 1133 2920 ⁵

291 3003 393 3066 Verbo
415 3005 645 3083 invasorium
662 3021 814 3084 nusquam
830 3008 863 3068 in
880 3005 1003 3069 hio-To.
1019 3009 1121 3068 notari
1136 3023 1288 3068 summum
1304 3003 1487 3082 supplicium

208 3106 263 3154 seu
285 3087 446 3168 capitalem
468 3107 599 3170 poenam
621 3098 707 3154 reete
729 3094 848 3154 monuit
870 3097 975 3155 contra
999 3091 1154 3154 Wahiium
1176 3090 1302 3154 liuther.
1338 3089 1402 3152 fluo
1418 3089 1487 3151 loco

136 3189 139 3196 '
208 3178 306 3241 omnis
328 3177 376 3238 vis
400 3179 431 3238 in
454 3177 557 3242 dativo
580 3178 675 3256 σαρκί
694 3181 795 3256 posita
818 3186 880 3250 est,
903 3184 940 3240 ut
954 3182 1083 3256 apparet
1098 3195 1190 3256 quom
1206 3179 1335 3238 maxime
1351 3193 1389 3237 ex
1407 3175 1483 3245 lut

209 3263 368 3342 (Χριστοῦ
391 3251 445 3324 οὖν
467 3259 628 3336 παθόντος
648 3262 774 3345 σαρκί),
797 3281 877 3342 quae
898 3265 996 3327 uerba
1019 3263 1056 3325 ad
1076 3269 1218 3326 nostrum
1240 3279 1368 3325 versum
1389 3263 1487 3340 respi-

151 3351 153 3358 ’
207 3350 291 3415 eunt
317 3349 644 3429 comprehensumque
672 3355 837 3430 utrumque
867 3350 941 3413 illud
962 3347 1097 3428 Χριστὸς
1119 3385 1159 3395 -
1182 3345 1281 3411 ’ἔπαθε
1310 3356 1342 3411 et
1362 3381 1406 3394 -
1427 3350 1488 3407 θα-

210 3433 363 3506 νατωθεὶς
385 3434 486 3516 σαρκί.
518 3436 594 3498 Hine
612 3435 793 3500 vertendum
809 3439 868 3498 erit
883 3443 1033 3513 „mortem
1052 3453 1165 3515 passus
1184 3437 1306 3497 carnis“
1326 3453 1364 3498 eo
1382 3451 1487 3506 sensu,

214 3539 411 3548 ψ--ς-

209 3572 271 3624 aber
293 3575 329 3623 im
355 3571 512 3637 Gepensatse
537 3579 584 3622 snr
602 3567 673 3641 σάρξ
695 3575 767 3624 nieht
789 3575 837 3625 das
861 3573 1022 3635 nattrliciim
1045 3574 1157 3625 condem
1179 3572 1228 3623 das
1252 3575 1280 3623 in
1303 3573 1350 3623 der
1372 3569 1487 3622 Wieder·

208 3641 298 3708 'short
315 3641 369 3692 ihm
385 3639 539 3706 poscheriis
557 3639 662 3708 Frinrip
680 3644 765 3692 edom
785 3641 1089 3709 Gottespemer'nsoboii.“

276 3713 299 3762 1.
323 3706 503 3765 θανατωθεὶς
518 3703 573 3778 μὲν
591 3709 626 3780 τῇ
644 3705 729 3778 φύσει
747 3709 796 3776 τῆς
813 3705 931 3780 σαρκὸς,
955 3707 1080 3762 τουτέστι
1103 3710 1138 3780 τῇ
1160 3706 1343 3780 ἀνθρωπίνῃ,
1366 3704 1491 3766 ἀναστὰς

209 3770 485 3850 desperacionem
503 3769 641 3844 θεότητος.
662 3776 769 3840 Oscum.
781 3778 927 3848 Theophyl.
942 3807 977 3818 -
995 3778 1093 3832 Calain.
1113 3777 1211 3844 (divine
1228 3777 1408 3847 potentini-
1427 3775 1489 3832 Ger·

87 3855 93 3863 “
209 3845 286 3909 bord,
310 3845 397 3898 Calor.
435 3844 505 3898 inter
530 3845 691 3898 recentiores
715 3845 784 3898 Phili
804 3849 831 3915 pi
851 3849 893 3911 (in
912 3863 953 3916 ep.
979 3847 1010 3900 ad
1029 3847 1105 3900 Rom.
1128 3847 1176 3901 Ed.
1195 3846 1216 3900 ΙΙ
1234 3864 1260 3915 p.
1276 3849 1335 3908 20).
1372 3844 1487 3910 Schmid,

209 3916 268 3970 titi.
287 3915 371 3968 Theoi.
392 3913 434 3973 ΙΙ,
456 3915 511 3968 166.
549 3914 649 3977 Weiss,
668 3915 764 3968 Petris.
782 3864 919 3984 Kebrbeqr.
939 3932 963 3983 p.
975 3917 1025 3970 252
1035 3932 1073 3986 sq.
1092 3915 1126 3972 al.
1442 3973 1444 3978 ,

276 3987 302 4038 2.
320 3983 402 4036 Recte
421 3981 537 4050 Steiger:
563 3985 640 4045 „Der
658 3985 737 4037 Datin
756 3979 893 4055 πνεύματι
916 3987 987 4037 bono
1009 3988 1066 4038 hier
1088 4003 1132 4038 um
1148 3986 1193 4037 der
1214 3985 1386 4054 θεραπηίης
1403 3984 1488 4055 σαρκί

211 4055 296 4106 oeten
313 4054 386 4105 nicht
402 4055 449 4104 mit
467 4052 569 4104 dorric
585 4054 791 4121 wiederpepebeo
807 4055 916 4107 endon.

276 4123 302 4176 ³.
322 4120 436 4188 Bennoi:
456 4119 538 4183 „Caro
556 4129 583 4173 et
600 4122 708 4189 spiritus
725 4137 777 4176 non
796 4120 923 4176 renuent
939 4124 1046 4191 proprie
1064 4125 1182 4176 naturam
1194 4121 1288 4175 Christi
1303 4122 1441 4176 humanam
1461 4126 1487 4173 et

209 4191 337 4252 divinam,
355 4188 403 4245 sed
421 4190 578 4258 principium
594 4193 745 4258 statumque
756 4191 826 4244 vitae
844 4196 872 4245 et
889 4194 1050 4260 operationis
1065 4206 1198 4258 congruae
1211 4191 1254 4243 vel
1272 4192 1486 4253 intermortuus,

209 4260 352 4328 quamlibet
365 4261 467 4326 iustae,
485 4258 528 4310 vel
546 4275 605 4312 cnm
625 4259 692 4321 Deo,
711 4261 789 4314 etiam
808 4261 967 4328 gloriosae‘·

188 4327 191 4336 “
276 4334 301 4384 4.
321 4327 449 4382 Hoimann
468 4329 628 4392 Schriftbeso.
644 4330 675 4384 11
681 4367 693 4391 ,
708 4334 721 4382 1
740 4345 765 4397 p.
778 4331 841 4384 ³³6:
860 4332 941 4391 „Dor
959 4333 1015 4384 dm
1030 4331 1096 4383 Tude
1111 4331 1254 4395 ostfalhos
1271 4329 1354 4383 hohen
1371 4347 1427 4381 wer
1445 4331 1487 4381 sis

212 4399 428 4459 meheberleboo,
446 4399 495 4450 dos
513 4399 593 4452 heim
610 4401 653 4452 ein
670 4399 784 4461 colotes,
807 4400 915 4453 meleha
934 4418 970 4452 oo
986 4402 1034 4452 der
1053 4401 1262 4468 pepenwitriipeo
1281 4397 1487 4464 Bocchoffearheit

209 4470 256 4520 der·
279 4468 468 4520 mensohlt‘ebeo
487 4466 586 4528 Natur,
611 4484 646 4519 an
670 4469 716 4519 der
737 4468 954 4522 Aeueceriiohireit
976 4470 1049 4523 ihrer
1071 4467 1325 4537 Woltpemeinrebofi
1347 4469 1418 4519 reim
1439 4465 1487 4519 Be·

211 4537 360 4589 stimmtteit
375 4536 455 4588 batte.
482 4537 537 4586 Dus
553 4537 802 4604 wiederpeaoonnene
813 4535 896 4588 leton
913 4541 948 4590 isi
966 4540 1008 4590 ein
1021 4537 1205 4599 stratonem,
1221 4537 1269 4590 dos
1288 4537 1367 4588 brien
1381 4537 1423 4588 ein
1436 4537 1486 4589 rol·

212 4607 285 4666 etet.
303 4605 409 4659 celeber
420 4606 490 4658 seiae
503 4604 688 4660 Bestimmtbeit
700 4623 750 4658 oon
763 4607 820 4660 deas
831 4605 917 4659 θεῖαι
933 4608 1009 4660 bat.“
1019 4633 1052 4645 ·-
1062 4606 1165 4678 „cupri
1177 4635 1208 4646 -
1221 4598 1359 4678 πνεύματι
1374 4606 1431 4658 eim
1440 4605 1486 4658 ad·

212 4673 590 4797 certigteGiYetertortimmfnfp
598 4676 755 4796 fiir²8ovar.
765 4676 820 4728 ned
828 4675 929 4737 Coroni·
947 4674 997 4728 Gir.
1008 4674 1104 4728 Lutber
1113 4673 1182 4744 apud
1190 4674 1383 4742 Wiesingernm
1394 4676 1485 4743 utic.

298 4781 304 4792 .
356 4755 410 4794 oss.
428 4757 513 4808 comp.
543 4746 642 4797 orti
662 4782 667 4792 .
