3516 5360
675 328 785 388 rrm.
805 329 842 402 rr,
865 328 1012 400 rr—ur,
1035 315 1082 388 ir.
1310 291 1313 306 ¹
1487 331 1519 392 '9

242 499 447 578 tecesdssent
475 498 691 558 afflictationes
720 503 848 576 propter
876 501 961 577 ipsos
991 502 1021 559 in
1050 515 1084 558 se
1108 498 1296 574 susceperit,
1326 503 1360 558 ut
1388 501 1519 577 expiatis

240 586 377 661 peccatis
401 584 476 645 salvi
500 587 733 660 praestarentur
758 586 929 662 (tl-24).
967 585 1060 662 Atqui
1083 601 1177 662 quum
1199 587 1285 644 tanto
1307 587 1464 663 tantisque
1488 589 1519 646 in

242 669 403 731 doloribus
425 669 554 748 probato
578 686 682 731 amore
705 673 842 747 ipsorum
866 671 958 750 saluti
980 671 1153 732 consultum
1175 673 1261 730 esset
1283 669 1320 729 ab
1344 670 1408 744 illo,
1433 671 1518 732 Chri-

244 757 414 817 stianorum
438 773 526 827 esse,
550 763 586 816 ut
607 759 708 816 animo
731 759 908 833 gratissimo
933 764 964 818 et
987 757 1239 819 obedientissime
1267 757 1408 834 vestigiis
1436 757 1520 818 illius

199 891 201 907 .
244 843 496 920 ingrederentur,
519 845 564 902 uti
588 858 663 905 oves
685 848 891 920 sequerentur
913 848 1070 921 pastorem
1096 843 1181 920 (25).

327 930 487 991 Caeterum
510 945 548 988 ne
572 931 603 988 in
626 929 674 990 his
698 929 820 1007 quidem
839 931 995 1002 versibus,
1019 931 1050 988 in
1075 928 1187 1006 quibus
1204 929 1368 1006 patientiae
1387 930 1517 991 maxime

241 1016 391 1076 humanae
415 1033 450 1076 ac
475 1014 595 1092 divinae
619 1017 706 1076 notio
735 1016 864 1076 effertur
893 1019 983 1094 atque
1014 1031 1097 1075 mors
1122 1013 1236 1075 Christi
1259 1017 1427 1096 expiatoria
1456 1033 1518 1075 om-

240 1103 313 1183 uino
343 1101 381 1162 de
405 1104 501 1178 gratia
525 1099 667 1161 omnibus
696 1106 803 1178 parata
826 1104 961 1178 cogitare
989 1101 1078 1173 iacit,
1102 1101 1192 1161 deest
1213 1101 1358 1178 judicii
1389 1103 1513 1162 mentio.

218 1231 220 1243 .
243 1187 326 1262 Quae
350 1188 492 1248 Christus
512 1189 592 1265 patri
616 1189 656 1265 (v.
670 1189 738 1260 23),
764 1186 869 1247 eadem
893 1188 981 1248 facile
1006 1187 1203 1263 intelligimus
1228 1187 1351 1248 Christo
1376 1187 1520 1247 Christia-

242 1291 300 1334 nos
322 1274 446 1334 tradere
475 1273 751 1351 commendareque
776 1272 889 1334 debere
908 1274 1003 1351 judici
1028 1275 1215 1352 apparitura.
1257 1274 1322 1348 Quo
1347 1275 1427 1334 enini
1445 1275 1518 1351 jure

242 1361 381 1438 apostolo
410 1359 522 1420 licebat
549 1378 565 1418 a
590 1358 772 1420 Christianis
787 1360 971 1443 postulare,
997 1365 1030 1420 ut
1053 1359 1090 1420 ab
1114 1361 1195 1420 omni
1220 1362 1344 1420 omnino
1368 1375 1520 1438 repugna-

241 1447 326 1506 tione
348 1446 536 1508 desisterent
561 1447 634 1522 ipsi,
657 1447 717 1505 nisi
740 1450 914 1525 promptum
934 1447 1047 1506 fuisset
1065 1446 1208 1506 solatium
1228 1463 1266 1506 ex
1284 1447 1410 1506 alterius
1427 1448 1519 1523 Justi-

242 1533 284 1592 tia
302 1531 522 1610 judicandique
545 1536 700 1608 potestate
723 1532 883 1605 haustum,
908 1550 968 1609 quo
992 1534 1252 1593 confirmarentur
1276 1531 1519 1592 Christianorum

242 1621 333 1678 animi
356 1619 394 1681 de
417 1619 511 1678 rebus
536 1620 601 1678 suis
625 1635 686 1678 non
709 1621 740 1679 in
764 1624 924 1680 aeternum
947 1619 1162 1691 inferioribus
1190 1621 1284 1678 immo
1315 1618 1436 1679 tandem
1468 1617 1520 1678 ali·

139 1781 143 1788 ¹
247 1705 369 1782 quando
393 1707 423 1764 in
447 1705 575 1766 victoria
598 1706 783 1765 eonst'tutis.

333 1791 404 1854 Cur.
423 1791 472 1854 lll.
516 1791 585 1850 Jam
609 1809 687 1868 quae
710 1793 803 1852 tertio
826 1793 924 1869 capite
948 1793 1072 1851 ineunte
1088 1794 1126 1868 (v.
1143 1792 1236 1866 1-7)
1261 1790 1298 1850 de
1322 1791 1432 1850 ciliciis
1449 1807 1520 1850 con-

240 1877 398 1956 jugalibus
418 1878 669 1954 interponuntur,
688 1877 724 1936 ad
743 1881 883 1937 nostrum
902 1878 1000 1937 locum
1024 1876 1238 1937 illustrandum
1262 1875 1335 1936 nihil
1354 1879 1424 1937 novi
1449 1877 1521 1936 alfe-

188 2019 192 2024 .
243 1969 325 2024 runt.
360 1963 451 2024 Certe
474 1963 555 2046 quod
579 1963 615 2024 de
637 1965 769 2036 maritis,
794 1963 1002 2041 quirendum
1027 1963 1165 2034 credant,
1190 1967 1295 2023 sancta
1311 1979 1441 2023 uxorum
1458 1964 1520 2024 vita

162 2107 165 2116 ,
244 2049 462 2110 convincendis
491 2054 522 2109 et
550 2050 587 2109 ad
615 2050 705 2109 iidem
737 2050 939 2110 Christianam
969 2048 1185 2111 convertendis
1209 2050 1253 2127 (v.
1276 2049 1309 2126 1)
1334 2049 1462 2121 scribat,
1491 2049 1521 2109 id

244 2141 391 2214 quantum
416 2138 532 2212 gratiae
556 2140 588 2196 et
611 2138 822 2196 conversionis
847 2137 913 2213 spei
934 2137 972 2200 iis
1000 2137 1106 2207 iaciat,
1138 2137 1189 2214 qui
1218 2136 1339 2212 quaneh
1369 2135 1461 2196 iidem
1490 2137 1521 2195 et

243 2223 426 2299 obsequium
448 2223 513 2282 Deo
545 2221 735 2299 denegantes
757 2225 871 2282 mortui
902 2225 975 2294 sint,
1007 2239 1064 2282 uos
1088 2222 1210 2299 quidem
1234 2222 1300 2282 aliis
1324 2220 1519 2282 divinandum

242 2309 456 2386 relinquimus
1004 2305 1012 2312 '
1391 2312 1394 2318 '

328 2395 443 2456 Octavo
460 2394 581 2455 demum
596 2411 690 2454 versu
707 2412 723 2453 a
742 2394 931 2472 singulorum
950 2393 1090 2454 ordinum
1107 2395 1217 2454 officiis
1234 2391 1270 2453 ad
1288 2395 1423 2454 omnium
1438 2410 1519 2453 com·

206 2475 217 2484 ’
244 2483 354 2567 munia
365 2483 549 2552 sanctitatis,
566 2482 717 2551 caritatis,
735 2481 901 2558 patientiae
917 2482 1112 2558 potissimum
1127 2485 1220 2557 atque
1235 2479 1415 2540 clementiae
1431 2496 1519 2540 revo-

245 2577 294 2628 cat
317 2568 476 2644 apostolus
496 2567 748 2645 disputationem,
773 2566 883 2626 iisdem
898 2568 987 2644 plane
1004 2565 1109 2627 verbis
1129 2566 1288 2626 disserens
1312 2567 1423 2642 quihus
1448 2571 1519 2627 ante

246 2653 361 2714 Christi
383 2655 560 2730 patientiam
584 2651 764 2713 describens
784 2671 861 2723 usus
884 2658 941 2715 est.
987 2655 1101 2729 Aperte
1125 2652 1257 2713 lectores
1281 2652 1411 2730 exempli
1429 2651 1519 2713 modo

243 2741 399 2818 propositi
430 2740 530 2799 denuo
554 2739 854 2800 commonefacturus
878 2743 927 2799 est
951 2740 1053 2816 (9,a)
1077 2756 1135 2799 nec
1163 2745 1229 2798 non'
1253 2756 1331 2815 quae
1356 2756 1371 2797 a
1396 2739 1519 2799 Christo

246 2825 328 2886 docti
351 2827 413 2886 sint
436 2827 568 2903 apostoli
583 2827 642 2902 ipsi
663 2825 764 2901 (Mtth.
774 2825 806 2896 V,
820 2825 873 2902 44)
890 2842 925 2884 ea
938 2827 1002 2903 jam
1018 2825 1082 2886 suis
1098 2826 1148 2904 pie
1166 2823 1357 2886 observanda
1377 2825 1412 2884 ad
1427 2824 1521 2886 verba

245 2929 345 2990 paene
366 2911 535 2972 traditurus
559 2913 606 2987 (9,
624 2911 665 2982 bl.
701 2911 796 2972 Juhet
814 2915 915 2972 autem
939 2911 1122 2972 benedicere
1145 2916 1176 2972 et
1201 2913 1323 2989 precari
1346 2913 1399 2982 iis,
1425 2913 1520 2989 aqui-

244 2999 303 3059 bus
327 2997 549 3060 contumeliose
567 2997 786 3069 tractarentur,
804 3015 865 3057 non
881 3015 942 3075 quo
958 2998 1041 3059 salus
1060 3003 1091 3058 et
1108 2998 1238 3058 felicitas
1259 2996 1339 3075 apud
1356 2998 1453 3060 Deum
1470 3015 1520 3058 ex-

247 3084 411 3164 spectanda
430 3091 515 3146 esset
535 3085 572 3144 iis
592 3085 644 3160 qui
663 3085 708 3144 sic
729 3090 873 3160 agerent,
898 3084 952 3146 sed
970 3102 1009 3144 ne
1030 3084 1195 3145 Christiani
1213 3084 1336 3144 Christo
1356 3083 1520 3145 dissimiles

244 3170 438 3242 viderentur,
462 3175 658 3232 remunerato
681 3170 839 3232 beneficiis
856 3171 1025 3242 maleficos,
1050 3188 1143 3241 neve,
1168 3169 1314 3248 quidquid
1329 3176 1519 3251 paterentur,

244 3257 445 3318 ulcisci-sese
469 3256 632 3318 studerent
653 3257 728 3334 ipsi,
753 3258 845 3317 immo
868 3257 905 3316 de
929 3273 984 3316 sua
1008 3251 1251 3318 saluteaeterna
1269 3258 1419 3318 certiores
1435 3258 1522 3335 (aar

245 3346 345 3404 animo
369 3341 561 3404 misericordi
585 3341 628 3420 (8)
660 3342 697 3402 ab
722 3344 906 3404 adversariis
931 3345 1022 3403 etiam
1052 3361 1190 3404 aversam
1220 3343 1343 3403 mallent
1372 3360 1451 3420 quae
1479 3343 1520 3403 iis¹

244 3431 419 3490 immineret
447 3435 572 3490 sortem.
620 3427 673 3488 His
702 3431 782 3489 enirn
811 3430 914 3491 verbis
943 3425 1009 3506 (ὅτι
1037 3427 1078 3500 εἲς
1106 3433 1198 3490 τοῦτο
1222 3425 1373 3508 ἐκλήθητε
1389 3427 1442 3488 t'vu
1467 3425 1517 3488 εὐ-

244 3515 350 3596 λογίαν
372 3511 635 3597 κληρονομήσητε]
660 3533 754 3592 quum
769 3517 890 3576 futurae
913 3516 1068 3577 felicitatis
1092 3533 1165 3592 spes
1184 3516 1428 3576 Christianorum
1449 3533 1520 3592 pro·

198 3615 203 3621 ·
241 3605 309 3680 pria
332 3601 466 3676 dicatur,
490 3601 528 3662 de
551 3601 718 3662 infidelium
741 3607 825 3662 sorte
847 3603 951 3662 futura
974 3602 1046 3677 quid
1076 3605 1117 3662 sit
1145 3599 1386 3662 concludendum
1413 3601 1518 3678 liquet.

242 3688 377 3765 ideoque
394 3689 430 3747 iit
445 3693 491 3760 ut,
515 3687 598 3765 quod
620 3689 650 3746 iu
674 3689 735 3747 fine
758 3688 849 3747 lucie
872 3692 977 3749 vetere
1000 3692 1190 3760 testamento*
1210 3686 1292 3747 allati
1315 3689 1462 3764 scriptum
1479 3687 1519 3748 le·

243 3775 343 3852 girum
362 3773 398 3834 de
415 3775 480 3834 lieo
497 3775 584 3850 justo
599 3771 715 3850 judicio
734 3773 815 3832 inter
829 3773 945 3850 probos
964 3776 996 3832 et
1013 3772 1171 3851 improbos
1186 3774 1381 3844 discernente
1400 3777 1439 3852 (v.
1457 3772 1519 3852 12),

225 3861 382 3939 quamvis
405 3859 509 3920 verbis
523 3877 581 3936 per
605 3877 638 3920 se
663 3861 810 3936 spectatis
833 3865 1013 3936 utrumque,
1038 3858 1119 3936 quod
1143 3859 1186 3928 ihi
1205 3859 1311 3938 dieit‚‚1
1337 3859 1520 3922 Christianis

244 3952 307 4007 tam
331 3946 487 4023 erigendis
506 3963 601 4022 quam
620 3963 657 4006 ne
680 3950 810 4022 peccent
832 3944 1031 4005 dehortandis
1054 3945 1168 4005 dictum
1191 3962 1262 4005 esse
1280 3944 1438 4020 videatur,
1461 3947 1520 4006 hoc
1590 3953 1595 3971 ‘

246 4038 277 4094 et
298 4036 399 4111 ipsum
423 4031 514 4092 simul
538 4031 575 4092 de
598 4032 649 4092 illo
668 4031 801 4109 judicio,
826 4029 907 4110 quod
932 4031 1117 4092 adversariis
1141 4031 1333 4091 Christianos
1356 4033 1435 4093 male
1458 4037 1519 4092 tra·

157 4153 168 4161 -
243 4120 396 4180 etantibus
420 4117 658 4196 exspectandum
684 4121 737 4191 sit,
768 4119 914 4178 lectorem
945 4115 1230 4194 laciat'cogitare.²
1272 4118 1399 4180 Accedit
1428 4119 1519 4180 etiarn

208 4207 210 4224 '
242 4205 358 4268 Psalmi
381 4206 529 4266 tricesimi
552 4207 668 4282 quarti,
693 4222 730 4265 ex
753 4220 813 4281 quo
836 4207 931 4281 petita
955 4211 1027 4266 sunt
1048 4199 1157 4276 verba,
1181 4206 1269 4267 ratio.
1305 4206 1415 4282 Agitur
1438 4205 1518 4265 enim

312 4397 333 4446 l.
359 4389 423 4456 „brt
447 4390 475 4443 οἰ
497 4385 641 4476 ὀφθαλμοὶ
664 4391 758 4462 κυρίου
782 4383 829 4441 ἐπὶ
851 4389 973 4449 δικαίους
994 4390 1041 4442 καὶ
1060 4378 1116 4443 ὦτα
1141 4385 1223 4442 αὐτοῦ
1247 4388 1287 4450 εἰς
1305 4387 1403 4460 δέησιν
1420 4385 1518 4455 αὐτῶν,

244 4457 391 4532 πρόςωπον
409 4458 440 4516 δὲ
458 4477 552 4531 κοριοο
571 4454 618 4512 ἐπὶ
637 4463 785 4516 ποιοῦντας
801 4454 900 4510 κακά.“

310 4534 333 4585 2.
353 4531 517 4584 Calvinus
542 4531 608 4582 hanc
632 4531 788 4582 sententiam
807 4530 882 4581 alteri
900 4535 1034 4598 praestare
1053 4545 1165 4584 censens
1183 4529 1259 4595 „Hoc
1277 4529 1416 4584 membro“
1434 4530 1521 4599 lnquit

244 4598 393 4664 ‚dominum
413 4600 545 4668 significat
563 4606 680 4652 nostrum
700 4601 756 4652 iore
774 4598 919 4662 vindicem,
939 4603 999 4668 quia
1024 4616 1076 4652 nou
1099 4615 1204 4670 semper
1225 4615 1352 4670 passurus
1375 4601 1409 4652 sit
1426 4601 1519 4668 impio·

242 4685 300 4722 rum
324 4671 483 4740 proterviam
506 4671 627 4738 grassari.
662 4669 695 4721 Et
717 4669 795 4722 simul
820 4667 955 4722 denuntiat
978 4669 1040 4738 quid
1064 4671 1178 4724 futurum
1202 4672 1236 4724 sit
1257 4673 1280 4724 si
1298 4671 1378 4724 vitam
1404 4677 1518 4724 nostram

242 4737 380 4792 maleficiis
398 4739 510 4791 velimus
529 4740 621 4791 tueri.“
644 4806 652 4814 ,
