3516 5360
696 401 1038 473 warantis-ms.
1080 465 1088 474 .
1357 363 1362 367 ’
1472 385 1509 461 15
1572 375 1577 386 “

229 573 261 633 in
284 569 476 632 Christianos
500 572 645 633 infestum
669 573 858 649 exprobrari
901 569 1093 641 Adversarii,
1117 571 1162 632 sic
1185 575 1429 648 argumentatur,
1452 587 1510 631 vos
1541 573 1545 583 ¹

228 656 398 734 reprobant
426 660 472 718 uti
496 657 650 730 Christum
673 666 744 718 ante
761 659 824 733 (ll,
848 662 893 720 4.Ι
890 660 929 720 7.
958 657 1012 716 cfr
1034 657 1264 731 Jes.VIll,14.
1295 655 1425 733 c1.12);
1455 657 1511 717 sed

229 759 321 824 quem
347 746 376 804 in
398 743 490 804 linem
514 745 574 803 nisi
595 748 630 803 ut
653 743 823 822 reprobent
823 763 861 804 ur
810 742 1042 805 tmalevoli'
1034 745 1103 843 ipsi.
1138 742 1222 802 Hanc
1239 759 1326 819 spem
1341 747 1375 802 ut
1391 742 1509 802 firmam

228 833 369 901 teneant,
400 832 545 890 continuo
574 829 611 889 ad
635 830 747 891 Christi
776 832 935 892 victoriam
959 832 1154 906 conspicuam
1175 831 1209 888 in
1234 829 1315 888 illius
1338 845 1354 886 a
1380 830 1510 888 mortuis

209 903 330 990 ,verriu
352 917 464 976 transit
487 915 646 992 apostolus
667 915 747 994 (18),
767 915 881 992 judicii
894 917 1024 976 extremi
1039 915 1098 990 (IV,
1113 917 1142 986 6)
1163 915 1317 975 ιιιοιιιίοιιο
1334 913 1442 974 deinde
1459 913 1511 973 ab·

229 1000 353 1062 solvens
377 1004 683 1078 argumentationem.

312 1087 425 1148 Melius
449 1104 529 1146 nunc
539 1089 749 1165 intelligimus
773 1105 834 1164 quo
860 1093 980 1165 spectet
1008 1086 1082 1147 illud
1111 1082 1274 1165 μακάριοι,
1304 1032 1422 1146 facilius
1446 1087 1510 1163 jam

230 1173 503 1262 interpretabimur
532 1170 621 1274 quod
658 1175 800 1251 sequitur
834 1181 971 1274 spernor
1004 1171 1085 1234 idem
1117 1179 1279 1249 spectans;
1313 1189 1383 1231 nam
1418 1187 1512 1248 quan-

229 1255 416 1335 tumcunque
444 1259 614 1320 fortasse'
607 1277 638 1319 ιιι
664 1260 794 1336 singulis
822 1261 1045 1327 erraverimus,
1074 1259 1134 1320 hoc
1162 1257 1394 1319 demonstrasse
1423 1257 1512 1319 nohis

229 1352 495 1424 persuasumst,
520 1345 590 1406 inde
620 1363 637 1404 a
659 1362 742 1406 nono
766 1351 798 1406 et
820 1344 1001 1406 duodecimo
1025 1361 1117 1406 versu
1147 1347 1246 1405 omnia
1276 1345 1372 1421 magis
1403 1345 1513 1420 magis-

230 1448 290 1508 que
313 1445 390 1490 eum·
406 1433 437 1490 in
460 1431 553 1490 finem
576 1433 646 1502 niti,
670 1437 704 1492 ut
726 1433 855 1509 amplius
879 1448 939 1491 non
961 1437 1024 1491 tam
1040 1430 1345 1508 ciliciumpatienter'
1361 1440 1393 1490 et
1408 1436 1513 1490 sancte

230 1515 403 1578 sustinendi
424 1520 602 1578 vexationes
622 1517 795 1578 inculcetur
813 1509 1010 1590 Christianis,
1029 1533 1120 1595 quam
1140 1533 1229 1593 spes
1250 1517 1534 1589 confirmetur,'

229 1603 297 1663 iore
321 1600 484 1678 aliquando
508 1609 542 1662 ut
560 1603 673 1663 Christi
696 1605 824 1684 victoria
843 1605 907 1678 Jam
924 1608 1083 1680 reportata
1102 1603 1244 1662 fruantur
1260 1601 1426 1662 Christiani
1445 1616 1513 1662 cum

230 1691 261 1749 in
277 1686 386 1749 iisdem
411 1695 481 1748 ante
499 1689 713 1750 vexationibus
729 1691 845 1749 versati
865 1690 927 1748 sint
945 1695 1037 1766 atque
1054 1687 1119 1759 ille,
1138 1688 1371 1749 adversariis
1389 1705 1480 1750 vero
1496 1703 1513 1745 a
1581 1687 1586 1699 “
1618 1712 1622 1718 r

231 1772 343 1852 quibus
353 1775 418 1850 jam
431 1781 611 1850 premantur
621 1777 762 1852 justum
779 1775 940 1834 imminere
950 1775 1007 1835 Dei
1020 1774 1195 1850 Christique
1204 1773 1395 1849 judicium.
1422 1773 1514 1850 Cujus
1609 1782 1613 1791 “

232 1858 449 1937 disputationis
478 1859 603 1921 ultimos
629 1863 708 1922 fines
735 1860 885 1921 habemus
915 1861 946 1919 in
975 1861 1084 1936 capitis
1106 1860 1145 1920 lV
1174 1859 1317 1920 versibus
1340 1864 1367 1922 5
1395 1860 1441 1922 13
1468 1861 1515 1922 17.

235 1945 271 2008 18
292 1941 412 2021 singula
435 1948 710 2022 argumentationis
730 1949 828 2024 capita
852 1945 1093 2006 absolventibus.
1132 1945 1252 2006 Nodum
1275 1962 1351 2005 vero
1375 1950 1406 2006 et
1429 1945 1518 2023 quasi

232 2032 430 2116 singulorum
440 2033 562 2103 filorum
578 2033 768 2111 complexum
783 2049 877 2092 versu
898 2032 1148 2109 duodevigesimo
1164 2033 1248 2092 tertii
1266 2037 1297 2092 et
1315 2037 1403 2092 sexto
1416 2029 1518 2107 quarti

231 2121 313 2195 capit
314 2119 341 2194 is
364 2119 516 2178 contineri
539 2120 717 2191 statuimus,
739 2121 792 2194 qui
813 2114 852 2178 τὰ
876 2114 917 2186 εἰς
941 2115 1075 2195 Χριστὸν
1099 2115 1201 2196 παθνί
1203 2139 1275 2176 aare
1299 2116 1347 2176 nol
1370 2114 1428 2188 τιὶς
1441 2109 1519 2193 μετὰ

231 2207 330 2264 ταῦτα
354 2198 462 2276 δόξας,
491 2205 655 2280 insignem
674 2205 756 2265 illam
784 2205 932 2281 epistolae
963 2221 1128 2276 summam,
1158 2202 1349 2281 quomodo
1342 2222 1372 2263 m
1396 2203 1519 2263 Christo

232 2292 301 2366 ipso
324 2292 489 2365 conspicua
514 2283 554 2349 s'it
577 2297 608 2350 et
628 2290 810 2351 Christianis
834 2289 942 2350 eodem
965 2290 1055 2351 modo
1076 2289 1324 2350 communicanda
1345 2287 1518 2350 ostendunt.

318 2375 351 2434 V.
368 2375 590 2473 17.1Κριῖττον
613 2373 672 2454 γὰρ
694 2373 982 2454 ἀγαθοποιοῦντας,
1006 2380 1032 2434 εἰ
1051 2375 1138 2435 θέλοι
1161 2371 1196 2435 rt
1221 2373 1344 2451 θέλημα
1361 2395 1416 2434 του
1432 2375 1520 2444 deco

233 2457 362 2537 πάσχειν
390 2454 409 2538 ἢ
441 2467 692 2533 κακοποιοῦντας.
736 2461 920 2522 Rectissime
949 2461 1024 2524 vidit
1052 2462 1097 2521 De
1120 2462 1223 2522 wette
1250 2458 1310 2540 γάρ
1339 2459 1519 2537 particulam

233 2564 294 2608 non
312 2552 431 2606 tantum
450 2545 486 2605 ad
502 2565 626 2608 versum
648 2550 786 2624 proxime
804 2547 1036 2609 antecedentem
1054 2546 1245 2608 referendam
1264 2563 1335 2607 esse
1352 2545 1407 2607 sed
1422 2552 1519 2606 totam

233 2634 458 2694 sententiarum
483 2634 596 2694 seriem
621 2652 637 2692 a
653 2651 746 2695 versu
763 2635 880 2694 decimo
900 2640 1011 2711 quarto
1026 2635 1224 2710 incipientem
1240 2639 1312 2693 nost
1313 2650 1349 2692 ro
1299 2630 1518 2694 tconcludi.

235 2717 311 2792 Quid
336 2717 420 2795 quod
442 2721 543 2779 omnis
566 2722 690 2780 omnino
713 2719 763 2780 illa
787 2719 969 2796 disputatio,
990 2737 1057 2797 qua
1072 2717 1143 2780 inde
1166 2736 1183 2778 a
1206 2722 1304 2797 capite
1328 2717 1463 2816 secundo
1482 2716 1519 2776 de

233 2804 479 2882 Christianorum
502 2808 675 2865 innocentia
701 2807 733 2865 in
756 2805 968 2868 vexationibus
990 2804 1147 2884 probanda
1173 2805 1386 2883 servandaque
1410 2805 1458 2880 agi
1460 2808 1519 2874 tur,

232 2889 291 2953 hoc
313 2906 405 2950 versu
427 2875 556 2966 quadam
582 2893 670 2967 quasi
694 2909 813 2952 summa
838 2891 1020 2964 absolvitur,
1043 2893 1086 2952 ita
1108 2898 1142 2951 ut
1163 2893 1223 2951 nisi
1247 2891 1305 2951 suh
1328 2892 1421 2951 finem
1439 2892 1520 2967 capi·

233 2979 274 3036 tis
297 2977 400 3054 quarti
417 2975 498 3036 nulla
521 2975 601 3036 illius
625 2979 739 3038 mentio
763 2979 817 3037 liat
841 2976 979 3055 amplius.
1014 2977 1109 3038 Simul
1130 2994 1203 3038 vero
1221 2979 1316 3048 inest,
1332 2979 1386 3038 uti
1405 2975 1519 3046 debuit,

234 3079 323 3124 ea-no
326 3063 380 3132 tio,
390 3079 450 3137 qua
462 3064 575 3122 transit
576 3081 627 3127 ιιιιι
643 3063 679 3122 ad
692 3081 801 3124 novam
815 3065 1089 3142 argumentationis
1100 3069 1219 3140 partem
1229 3070 1298 3124 auct
1300 3079 1336 3123 or
1286 3062 1408 3124 tsibi
1420 3069 1518 3141 paret.

261 3161 268 3176 ‘
329 3147 601 3208 Verumenimvero
632 3150 704 3226 quid
735 3150 1059 3226 conjunctionis-huic
1088 3163 1157 3210 cum
1184 3151 1324 3225 proximo
1352 3165 1447 3210 versu
1474 3150 1519 3208 in·

234 3232 386 3304 tercedat‚
412 3251 473 3293 non
497 3233 584 3295 nihili
603 3235 777 3296 iaciendum
800 3241 856 3296 est.
901 3236 1065 3312 Participia
1089 3231 1408 3312 ἄγαθονιοιονννις..
1433 3255 1520 3294 κακο

233 3322 401 3390 ποιοῦντες
410 3325 528 3396 aperte
544 3323 716 3397 respiciunt
703 3321 776 3381 tad
800 3317 964 3398 dycddv’
946 3316 1150 3400 ανασιροφὴν
1169 3353 1204 3366 -
1230 3320 1405 3398 συνείδησιν
1428 3326 1460 3381 et
1482 3319 1520 3380 ad

157 3401 162 3416 ’
234 3397 356 3466 illud‘
336 3426 378 3475 ως
400 3407 576 3466 κακοποιῶν
604 3425 714 3469 versus
740 3406 849 3469 decimi
878 3409 965 3468 sexti.
1013 3411 1115 3484 Atque
1139 3411 1180 3467 ita
1209 3413 1282 3467 sunt
1309 3408 1470 3508 coniuncti·
1489 3406 1521 3466 hi

234 3509 360 3562 versus,
386 3497 419 3551 ut
442 3491 553 3568 quod'
546 3511 578 3552 m
599 3495 646 3554 rei
669 3496 767 3571 ipsius
791 3496 874 3554 exitu
889 3496 1090 3571 conspicuum
1106 3498 1176 3553 ante
1191 3493 1297 3554 oculos
1313 3499 1408 3570 ponat
1423 3493 1519 3568 prior,

234 3574 315 3639 idem
338 3577 442 3638 verbis
464 3577 743 3654 ponderosioribus
768 3582 941 3641 sententiae
960 3581 1057 3640 instar
1075 3579 1215 3656 proierat
1233 3580 1318 3639 alter.
1355 3579 1475 3638 Etenim
1494 3581 1521 3639 si

236 3663 400 3726 Christiani
416 3663 626 3740 exploratione
640 3665 770 3742 quadam
783 3665 937 3742 quondam
949 3665 1029 3726 iacta
1046 3665 1175 3725 malefici
1190 3667 1398 3741 reperiantur,
1414 3680 1521 3742 repro-

234 3748 317 3810 batio
338 3748 402 3819 illa,
425 3765 503 3825 quae
520 3768 614 3811 versu
629 3753 734 3827 priore
753 3750 939 3812 adversariis
957 3752 1171 3821 annuntiatur,
1189 3753 1221 3810 in
1237 3753 1323 3827 ipsos
1340 3749 1456 3810 recidat
1470 3768 1521 3811 nc·

235 3853 325 3897 cesse
343 3839 404 3906 est,
420 3851 521 3910 neque
540 3836 707 3914 quidquam
725 3837 845 3896 fructus
861 3856 878 3898 e
895 3836 1120 3908 calamitatibus
1136 3837 1206 3897 istis
1219 3839 1249 3895 in
1263 3853 1317 3896 eos
1330 3835 1521 3909 redundabit,

236 3923 349 3998 quippe
367 3920 539 3980 malefacta
559 3924 668 3982 merito
684 3923 805 3983 luentes
822 3924 872 4000 (ci.
886 3923 933 3989 lV,
951 3925 997 3984 15.
1011 3921 1051 3994 ll,
1065 3920 1126 3998 20).
1159 3922 1212 3982 Sin
1229 3939 1319 3992 vero,
1338 3920 1420 3999 quod
1434 3940 1522 3999 prae·

235 4008 368 4068 sumitur
390 4005 427 4065 ah
451 4007 591 4082 apostolo
614 4009 646 4067 in
669 4006 922 4069 antecedentibus
946 4007 983 4066 ad
1006 4009 1158 4080 rationem
1182 4011 1249 4085 spei
1265 4007 1452 4091 reddendam
1472 4025 1523 4068 ex-

235 4093 395 4164 hortante,
425 4094 567 4154 insontes
595 4093 783 4169 plectuntur:
813 4096 886 4165 crit,
914 4093 1075 4156 illucescet
1097 4093 1260 4170 aliquando
1290 4093 1371 4166 dies,
1403 4096 1434 4156 in
1463 4112 1522 4170 qua
1597 4109 1605 4118 “

236 4178 414 4255 reprobatis
429 4177 701 4241 calumniatoribus
716 4181 959 4241 Christianorum
974 4181 1147 4241 innocentia
1161 4180 1381 4257 comprobetur
1398 4186 1430 4240 et
1445 4197 1523 4256 quae

237 4265 382 4342 perpessi
405 4266 483 4334 sint,
507 4266 695 4328 reficiantur
741 4265 817 4326 Hinc
840 4265 921 4328 istud
938 4273 1075 4344 κρεῖττον
1091 4264 1173 4344 quod
1187 4267 1336 4344 sequitur
1368 4265 1433 4340 Quo
1447 4283 1523 4327 vero

237 4349 434 4411 fundamento
417 4367 532 4426 ospes
557 4350 605 4410 illa
625 4353 756 4424 nitatur,
773 4351 856 4412 addit
843 4357 981 4414 tversus
999 4351 1280 4428 duodevigesimus,
1305 4369 1436 4431 quocum
1452 4368 1524 4413 con
1590 4349 1592 4354 ’

234 4438 362 4512 iunctus
378 4435 498 4496 demum
516 4436 651 4498 decimus
670 4442 739 4515 sept
741 4439 819 4498 imus
844 4439 1038 4516 explicationi
1058 4443 1107 4498 est
1128 4439 1197 4499 voci
1218 4427 1524 4517 μακάριοδοιιιιιιιιο-

238 4539 298 4598 que
321 4499 574 4583 antecedentibus
597 4525 797 4585 conclusioni.

323 4607 356 4667 V
381 4608 428 4670 te.
460 4603 606 4688 Κρεῖττόν
629 4607 711 4669 ἐστιν
734 4605 1002 4696 ἀγαθοποιοῦντας
1024 4602 1218 4686 πάσχιιν-
1241 4606 1287 4669 ὅτι
1310 4606 1359 4666 καὶ
1386 4605 1525 4688 Χριστὸς

131 4752 134 4760 ,
237 4687 319 4764 ἅπαξ
333 4723 375 4738 ι-
387 4687 482 4751 decbr
495 4691 617 4765 ὃιᾝκαιος
630 4729 672 4739 -
685 4681 851 4766 Christum,
865 4713 944 4772 quae
957 4702 988 4756 οι
1003 4693 1160 4773 quomodo
1173 4697 1274 4756 omnia
1286 4711 1461 4773 perpessus
1475 4714 1523 4756 es

236 4783 286 4837 set
273 4777 496 4852 t‚Christianis
513 4797 665 4842 summum
683 4798 753 4842 esse
766 4780 922 4858 exemplar
932 4781 1015 4857 quod
1028 4786 1061 4841 ut
1073 4787 1280 4858 sequerentur
1295 4779 1467 4844 obstrictos
1478 4797 1517 4844 ee
