3516 5360
672 341 684 398 1
700 343 779 408 Pria,
797 342 819 410 l,
845 337 976 412 18-11,
999 342 1047 400 ib.
1092 395 1098 406 „
1480 337 1501 398 i

223 506 345 569 Christo
369 507 429 584 ipsi
452 505 617 567 accidisset
637 511 754 568 lantum
777 507 889 569 abesse
911 516 946 569 ut
968 509 1006 568 iis
1030 507 1195 568 offensioni
1217 511 1247 568 et
1273 500 1500 584 impedimento,

221 598 256 652 ut
274 593 471 655 incitamento
491 609 563 656 esse
582 593 710 654 deberet
733 595 847 671 spretis
865 593 1087 656 calamitatibus
1107 593 1178 653 inde
1196 592 1334 653 oriundis
1351 591 1390 652 ιιι
1408 590 1500 652 iidem

221 677 352 740 fideliter
375 677 558 740 servandam
581 681 874 757 criminationesque
903 680 979 740 adeo
1003 679 1265 751 adversariorum,
1289 681 1317 740 ιι
1339 678 1407 738 heri
1430 692 1501 755 pos-

222 769 284 836 set,
307 762 467 826 beneficiis
491 766 671 843 integraque
694 767 755 826 vita
773 765 1007 827 convincendas.
1039 765 1144 825 Surrrta
1163 767 1227 842 jana
1251 782 1267 823 a
1291 763 1404 840 templo
1427 766 1502 824 ima-

222 852 292 928 gine
311 857 414 912 sancta
438 851 681 912 Christianorum
705 853 839 912 societas
863 852 1063 924 describitur,
1083 853 1199 928 junctis
1219 851 1348 926 singulis
1367 851 1448 910 inter
1466 867 1502 910 se

221 942 256 994 ut
277 936 370 1012 lapidi
392 937 478 1014 lapis.
524 937 609 1011 Quae
632 956 724 1015 quum
754 937 833 998 dicta
863 940 925 999 sint
954 939 1083 998 maxime
1106 937 1143 997 ad
1167 931 1381 998 auctoritatem
1404 934 1501 1013 digni-

221 1025 376 1099 tatemque
399 1022 471 1083 fidei
495 1023 753 1101 exaggerandam,
777 1041 835 1102 qua
860 1026 925 1085 sola
945 1026 1057 1084 factum
1082 1026 1123 1083 sit
1145 1029 1179 1083 ut
1194 1024 1316 1084 Christo
1334 1021 1502 1082 Christiani

220 1112 366 1186 tanquam
384 1107 502 1186 lapides
524 1109 721 1170 fundamento
743 1112 794 1171 ιιι
816 1113 955 1185 angulari
978 1110 1070 1188 lapidi
1092 1108 1335 1186 adjungerentur
1358 1111 1399 1185 14.
1417 1110 1445 1170 6.
1458 1109 1500 1184 i),

221 1194 352 1256 eundem
374 1196 405 1254 in
428 1195 521 1256 linem
543 1196 675 1267 iaciunt,
697 1198 729 1256 in
753 1214 845 1274 quem
868 1213 1006 1274 eaquae
1030 1196 1067 1256 dc
1091 1195 1337 1256 adversariorum
1360 1193 1501 1254 incredu-
1554 1214 1560 1221 ·

220 1279 305 1342 litate
326 1287 538 1358 opponuntur,
562 1282 673 1358 quibus
697 1283 774 1359 lapis
797 1284 919 1359 positus
942 1282 1039 1343 abeo
1054 1287 1089 1341 ut
1103 1282 1333 1342 fundamentum
1349 1285 1436 1341 esset
1452 1295 1501 1340 sa-

218 1365 307 1438 lutis,
332 1363 497 1427 offensioni
520 1368 614 1427 tuerit
637 1372 668 1428 et
693 1367 802 1429 damno
827 1370 866 1444 (7.
892 1368 933 1445 8).
1502 1381 1504 1394 “

192 1463 194 1474 ·
304 1451 575 1514 adiuncturum
599 1453 762 1532 diiigenter
784 1453 1073 1515 attendendumt
1024 1458 1088 1525 cst,
1114 1455 1141 1514 si
1163 1425 1242 1530 quae
1266 1455 1439 1529 sequuntur
1463 1467 1501 1512 en

218 1536 301 1600 Ριιιι
324 1543 425 1600 mente
447 1539 589 1600 volumus
612 1539 756 1602 enodare.
791 1540 925 1605 Primum
943 1540 1105 1601 antithesis
1121 1539 1225 1599 illa-
1243 1531 1303 1598 inb
1321 1533 1501 1638 antoninum
1533 1590 1537 1602 .

218 1621 275 1696 μιν
296 1620 629 1701 ἀποδιδοκιμασμίιοι,
654 1623 738 1704 παρὰ
762 1624 795 1686 ιιι
818 1628 883 1708 θεῳ
906 1622 1097 1686 ἐκιεκτόν-
1099 1623 1270 1702 ·ejusdem
1292 1624 1358 1685 fere
1376 1626 1500 1702 generis
1529 1640 1533 1653 ¹

220 1714 275 1785 est,
289 1708 396 1788 quales
413 1727 488 1792 per
484 1716 581 1772 totam
597 1713 759 1789 epistolam
777 1717 951 1773 occurrunt.
975 1712 1024 1773 Uti
1041 1711 1183 1772 hocloco
1196 1709 1354 1786 judicandi
1371 1712 1477 1770 ratio
1469 1727 1501 1769 m

219 1813 253 1856 re
271 1797 444 1859 Christiana
467 1797 586 1858 diversa
610 1800 691 1859 inter
713 1799 852 1859 homines
876 1799 1020 1858 ellicum
1043 1799 1220 1875 opponitur,
1236 1799 1277 1858 ita
1294 1796 1374 1856 infra
1391 1795 1502 1874 agendi

219 1887 250 1944 et
269 1883 392 1944 vivendi
416 1883 475 1959 (ιιι,
493 1884 521 1944 2
540 1883 590 1960 6);
613 1890 704 1961 atque
728 1883 809 1962 quod
832 1900 913 1944 nunc
935 1883 973 1944 de
998 1884 1121 1944 Christo
1143 1882 1289 1942 docemur
1312 1882 1501 1942 calamitates

218 1969 409 2046 injuriasque
423 1985 500 2046 quas
513 1971 594 2031 inter
605 1970 745 2031 homines
757 1986 927 2056 perpessus
946 1975 1032 2031 esset
1049 1969 1147 2048 gloria
1164 1986 1220 2044 per
1232 1968 1329 2029 Deum
1348 1967 1501 2029 collatam

219 2054 287 2131 ipso
300 2055 396 2115 refect
383 2060 432 2116 tas
449 2071 529 2125 esse,
543 2055 625 2115 idem
638 2055 747 2116 deinde
759 2045 941 2118 Christianis
953 2057 1091 2117 futurum
1104 2073 1176 2116 esse
1188 2054 1393 2116 confirmatur.
1417 2054 1501 2128 Quae

219 2142 373 2202 sententia
395 2159 463 2202 cum
488 2142 589 2202 subsit
576 2147 661 2202 ttva
662 2143 761 2202 iciniis
785 2161 864 2220 quae
880 2145 1019 2220 proxime
1036 2142 1186 2220 adjungit,
1202 2140 1448 2218 comprobatur
1434 2157 1500 2218 ιιιιιι

183 2279 186 2286 ,
219 2226 357 2305 exemplo
376 2243 467 2304 quam
488 2231 559 2290 ante
575 2229 787 2289 vaticiniorum
812 2247 959 2290 summam
975 2228 1097 2290 dixerit:
1121 2249 1165 2287 ια
1155 2226 1233 2298 εἰς
1249 2223 1417 2307 Χριστὸν
1433 2245 1500 2284 nor-

219 2309 382 2390 θήματι
397 2309 536 2384 καιτιις
551 2310 645 2389 μετὰ
658 2319 779 2374 ταῦτα
797 2312 926 2394 δόξας,
941 2312 1340 2392 cognosciturqueeandcm
1353 2329 1424 2374 esse
1438 2313 1501 2389 epi-

219 2398 317 2461 stotae
341 2416 490 2460 summam
512 2400 625 2478 quippe
648 2417 706 2479 qua
728 2402 843 2463 Christi
857 2401 1163 2478 Christianorumque
1180 2402 1211 2459 in
1231 2404 1315 2458 sorte
1332 2396 1500 2460 similitudo

219 2483 401 2547 declaretur.
446 2484 544 2546 Porro
567 2485 642 2546 illud
662 2481 793 2565 ἐγενήθη
815 2487 856 2558 εις
872 2486 1005 2566 κεφαλὴν
1022 2486 1130 2566 γωνίας
1147 2487 1222 2564 quin
1237 2486 1499 2545 resurrectionem

219 2569 332 2633 Christi
350 2577 501 2632 monstret
511 2578 655 2650 tanquam
672 2573 822 2634 initium
838 2572 983 2649 gloriae
999 2571 1219 2644 restituendae,
1232 2570 1357 2633 dubium
1373 2578 1500 2632 nonest

217 2659 400 2734 praesertim
420 2658 504 2718 Petri
521 2659 614 2718 verba
631 2660 697 2722 hot.
710 2659 757 2731 lv,
776 2661 824 2721 iil.
841 2662 876 2723 11
898 2661 929 2718 in
945 2659 1087 2720 auxilium
1104 2659 1234 2719 vocanti.
1265 2658 1309 2722 lta
1325 2674 1400 2718 vcro
1420 2658 1500 2718 infra

218 2743 284 2821 (ιιι,
300 2743 349 2822 18)
365 2742 552 2820 §donumdei
552 2766 566 2816 ς
581 2744 720 2804 videmus
737 2748 914 2822 oppositum
930 2745 972 2806 illi
989 2747 1079 2806 alteri
1095 2743 1291 2816 θανατωθείς
1307 2748 1399 2820 atque
1416 2742 1499 2820 quod

218 2829 376 2890 nonnihil
400 2829 504 2890 valere
527 2829 649 2891 videtur
672 2829 710 2890 ιιι
733 2831 973 2892 confirmandam
994 2837 1132 2892 nostram
1155 2831 1214 2890 loci
1236 2831 1314 2889 inira
1337 2831 1498 2906 sequentis

217 2915 464 2992 explicationem,
488 2916 573 2976 hoc
566 2934 597 2976 ιι
619 2920 752 3002 utroque
775 2919 844 2978 loco
867 2919 908 2977 ita
939 2919 975 2976 fit
996 2923 1031 2978 ιιι
1060 2934 1122 2978 non
1145 2917 1243 2976 solum
1267 2915 1401 2976 fidelium
1425 2932 1498 2992 spes

218 3005 249 3061 et
272 3000 367 3079 gloria
390 3019 468 3079 quae
489 3004 605 3062 nitatur
620 3002 735 3064 Christi
752 3006 982 3072 resurrectione
1005 3008 1278 3074 commemoretur,
1303 3001 1358 3063 sed
1380 3004 1498 3062 arctius

217 3087 310 3148 etiam
333 3105 401 3148 cum
423 3090 662 3150 resurrectionis
687 3092 840 3150 mentione
864 3092 1069 3167 conjungatur
1091 3090 1204 3151 Christi
1226 3105 1294 3148 cum
1322 3087 1498 3148 infidelibus

217 3175 441 3237 commercium.
465 3173 501 3246 ll,
516 3176 542 3236 7.
557 3175 589 3237 8:
607 3171 771 3236 ἀπειθοῦσι
787 3174 861 3236 δι’
831 3209 872 3220 --
885 3171 1016 3255 ἐγενήθη
1033 3175 1073 3248 εις
1091 3172 1224 3256 κεφαλὴν
1239 3172 1348 3254 γωνίας
1363 3191 1431 3252 sqq.
1442 3175 1497 3234 cfr.
1526 3168 1533 3176 ’

215 3259 293 3320 inira
316 3259 353 3320 de
376 3259 431 3331 111,
458 3260 497 3324 18
519 3278 585 3339 sqq.

300 3346 495 3408 Adversariis
513 3349 601 3423 justo
623 3347 746 3409 tandem
769 3349 868 3424 ipsius
889 3348 946 3408 Dei
963 3347 1080 3424 judicio
1105 3346 1226 3408 traditis
1248 3348 1280 3406 in
1307 3361 1374 3406 eam
1403 3345 1496 3405 animi

217 3434 452 3531 perversitatem
475 3432 519 3512 (8)
543 3438 577 3493 ut
597 3433 724 3494 verbum
749 3436 858 3494 salutis
880 3437 919 3494 ιιι
941 3435 1107 3495 offensionl
1129 3451 1192 3495 non
1210 3449 1360 3494 essenon
1378 3435 1496 3507 posset,

218 3519 374 3596 opponit
361 3535 426 3596 Jam
450 3519 607 3596 apostolus
631 3520 709 3581 hauc
731 3520 949 3598 disputationis
971 3525 1090 3597 partem
1113 3519 1277 3582 absolvens
1293 3518 1393 3579 denuo
1413 3516 1498 3576 Chri·

218 3607 386 3666 stiannrum
409 3604 615 3666 conditionem
638 3612 730 3683 atque
754 3612 870 3667 sortem
891 3608 1149 3690 praestantiorem
1171 3610 1272 3676 tanto,
1297 3607 1412 3681 quanto
1436 3620 1498 3662 ma-

218 3692 262 3766 gis
285 3692 350 3750 Deo
373 3691 533 3790 probatam
549 3699 581 3752 ιι
602 3699 739 3752 sanctam
762 3693 803 3771 (9
830 3693 889 3770 ιιι)
935 3691 1043 3769 Neque
1066 3709 1140 3752 uero
1169 3696 1215 3752 tot
1242 3695 1274 3752 et
1295 3694 1380 3750 tanta
1402 3688 1497 3749 verba

217 3776 327 3854 quibus
357 3776 448 3836 hac
441 3795 472 3837 ιιι
494 3794 528 3838 re
552 3780 649 3839 utitur
676 3794 755 3838 uano
778 3778 951 3838 inserviunt
973 3779 1105 3838 nominis
1129 3777 1294 3838 Christiani
1315 3777 1496 3852 praeconio:

215 3864 307 3924 immo
330 3880 391 3941 quo
410 3869 566 3940 spectent,
588 3863 677 3924 facile
701 3880 738 3923 ex
754 3868 839 3924 arcto
862 3865 943 3924 inter
966 3880 1080 3923 nonum
1097 3869 1129 3924 et
1143 3863 1356 3924 duodecimum
1373 3877 1498 3922 versum

214 3948 426 4010 intercedente
449 3967 530 4010 nexu
552 3950 759 4026 cognoscitur.
804 3949 947 4028 Repetite
970 3951 1052 4010 enim
1081 3951 1224 4010 universa
1252 3951 1313 4008 ista
1339 3946 1376 4006 ad
1405 3948 1498 4007 vitam

214 4040 351 4096 sanctam
373 4034 603 4106 adhortatione,
625 4053 664 4096 ex
685 4036 927 4097 Christianorum
950 4037 982 4095 in
1004 4035 1061 4096 hac
1083 4037 1146 4098 vita
1169 4034 1346 4097 conditione
1367 4034 1497 4093 maxime

214 4120 323 4180 hausta
354 4122 443 4200 (il),
475 4123 520 4181 uti
548 4137 643 4198 supra
674 4123 792 4198 magnis
818 4120 878 4182 illis
909 4121 1022 4199 quibus
1051 4138 1070 4180 a
1098 4122 1162 4182 lieo
1189 4124 1251 4181 sint
1274 4117 1497 4181 instructi‘do·

213 4207 262 4267 nis
285 4212 318 4268 ιι
332 4207 501 4269 honoribus
519 4208 559 4285 (9.
581 4209 641 4282 ill),
665 4209 707 4268 ιιι
724 4209 789 4286 jam
807 4209 929 4284 jactura
944 4207 1055 4268 salutis
1070 4209 1246 4268 imminente
1266 4209 1331 4285 111)
1348 4206 1496 4280 instigare

214 4293 320 4354 studet
341 4293 483 4366 lectores,
506 4299 541 4354 ut
557 4310 613 4354 eos
629 4311 700 4356 sese
717 4299 922 4371 praestarent,
938 4296 969 4354 in
985 4312 1117 4372 quorum
1132 4297 1194 4354 vita
1213 4298 1245 4354 et
1262 4291 1368 4352 habitu
1384 4291 1495 4352 sancti·

214 4385 261 4440 tas
277 4385 310 4440 ιι
330 4379 505 4459 benignitas
521 4389 606 4443 essct
627 4383 792 4458 conspicua
810 4381 850 4459 19.
868 4383 919 4458 lb)
939 4380 1134 4457 agnoscenda
1150 4380 1283 4457 denique
1300 4383 1332 4439 ιι
1347 4375 1496 4438 laudanda

214 4467 305 4526 etiam
328 4483 345 4526 a
368 4467 534 4544 gentilibus
557 4473 589 4528 ιι
611 4466 798 4528 adversariis
820 4468 897 4544 ipsis
921 4467 997 4546 (121.

297 4552 352 4613 ilis
376 4553 491 4616 ultimis
514 4553 617 4616 verbis
644 4569 738 4630 quum
753 4553 939 4615 adversariis
960 4553 1203 4614 Christianorum
1219 4552 1311 4615 etiarn
1334 4565 1407 4628 spes
1422 4565 1494 4610 con-

150 4673 154 4682 ·
212 4640 365 4698 versionis
393 4642 571 4718 gratiaeque
594 4638 715 4701 divinae
742 4638 904 4718 aliquando
928 4638 1044 4716 largius
1065 4637 1276 4717 impetrandae
1294 4637 1493 4713 relinquatur,

213 4722 293 4816 bene
316 4725 482 4787 notandum
508 4733 570 4799 est,
593 4727 651 4787 hac
671 4727 739 4802 ipsa
766 4727 890 4788 futurae
914 4726 1102 4788 visitationis
1125 4724 1243 4786 divinae
1266 4723 1424 4784 mentione
1445 4739 1494 4783 re-
