3516 5360
305 325 347 394 eo
814 329 833 384 ·1
846 329 926 386 nrm.
944 329 996 400 111,
1016 306 1067 390 ao.

391 491 572 560 subsistere
583 498 648 574 jam
665 495 853 573 aliquantum
871 495 991 568 licebit,
1010 512 1078 560 cnm
1098 495 1199 556 omnia
1215 493 1408 574 perlustrata
1419 496 1493 568 sint,
1509 511 1589 572 qnae

307 581 421 642 iaciant
448 580 484 642 ad
516 584 685 646 animarum
714 581 833 644 illarum
861 582 1005 662 illiusque
1029 598 1107 660 quae
1136 580 1173 644 ad
1196 598 1249 644 eas
1272 579 1371 642 delata
1401 582 1442 642 sit
1469 579 1589 658 praedi·

306 667 437 728 cationis
460 674 600 732 naturam
623 671 795 736 accuratius
819 668 1062 732 describendam.

390 751 523 816 Primum
543 773 586 820 ,er
608 753 750 816 omnibus
774 755 812 816 iis
835 772 914 834 quae
938 755 975 818 de
999 752 1207 816 inobedientia
1228 752 1347 814 illorum
1370 752 1588 830 praedicantur

305 843 447 916 apparet,
471 837 630 918 πνεύματα
649 840 727 902 baec
748 858 811 902 nou
828 839 954 919 angelos
971 840 1026 902 sed
1044 839 1257 902 detunctorum
1274 840 1390 900 animas
1407 856 1495 914 esse;
1517 857 1587 902 nam

306 924 385 986 bane
407 943 498 1003 quam
520 945 577 1005 per
593 925 750 990 Noachum
773 929 902 991 maxime
925 929 1054 990 offerret
1069 927 1153 988 Deus
1169 925 1360 988 elementiam
1375 923 1588 990 inobedientes

306 1013 462 1089 aspernati
492 1019 573 1075 sunt.
619 1015 746 1076 Animae
776 1021 864 1087 sunt,
892 1015 937 1075 uti
966 1029 1059 1091 supra
1088 1011 1235 1082 vidimus,
1266 1010 1379 1089 quibus
1402 1028 1587 1093 cumeanus

305 1096 381 1158 nibil
402 1099 449 1158 rei
471 1100 601 1176 amplius
624 1113 695 1162 esse
718 1101 785 1176 ipsa
808 1101 935 1162 notione
960 1099 1166 1171 confirmatur.
1202 1097 1308 1158 Altero
1324 1097 1473 1163 vocabulo
1489 1094 1585 1178 ψυχή,

305 1169 489 1262 quod'apnd
514 1187 647 1248 Graecos
678 1185 758 1251 solet
787 1185 825 1248 de
849 1187 957 1250 animis
989 1173 1201 1248 defunctorum
1226 1185 1368 1262 usurpari
1397 1185 1469 1262 (cir.
1492 1201 1585 1262 supra

304 1286 333 1346 p.
354 1269 415 1345 25)
437 1269 549 1336 Petrus
572 1273 677 1334 statim
700 1271 780 1332 inira
802 1269 896 1351 (ὀκτὼ
914 1269 1023 1349 ψυχαί)
1045 1273 1077 1332 in
1102 1267 1318 1333 enumerandis
1340 1269 1517 1336 bominibus
1539 1272 1585 1333 vi·

305 1354 449 1418 ventibus
481 1363 625 1436 usurpat,
655 1359 701 1504 u?
727 1361 851 1436 saepius
876 1360 989 1435 legitur
1014 1359 1045 1418 in
1067 1354 1123 1419 No.
1142 1357 1197 1418 To.
1222 1357 1303 1434 (act.
1319 1357 1359 1426 ll,
1375 1359 1425 1418 41.
1453 1355 1520 1426 vll,
1537 1359 1585 1420 14.

305 1441 423 1515 xxvii,
448 1444 497 1506 37.
522 1443 561 1517 11,
586 1445 635 1507 43.
663 1443 717 1515 ΙΙ,
737 1443 786 1508 23.
809 1444 1040 1518 Rom.lllll,1;
1064 1444 1116 1503 cir.
1135 1442 1266 1504 illaec.
1281 1441 1319 1515 ll,
1336 1443 1386 1507 38.
1424 1443 1525 1504 Vorst.
1548 1441 1586 1512 de

305 1526 395 1588 llebr.
414 1528 463 1600 Ν,
487 1529 528 1608 2).

392 1614 460 1676 Jam
479 1633 548 1678 cum
567 1615 604 1678 de
624 1615 836 1678 detunctorum
860 1617 969 1677 animis
992 1616 1189 1692 anquiritur,
1213 1630 1275 1674 uon
1297 1615 1398 1676 minus
1420 1611 1587 1690 Bengelius

305 1705 401 1773 errat,
420 1702 556 1779 priorem
570 1717 680 1764 versus
696 1703 836 1778 vigesimi
860 1706 978 1782 partem
1000 1702 1043 1762 ita
1059 1717 1207 1778 separans
1230 1701 1379 1778 temporis
1401 1700 1587 1776 assignifica-

307 1788 391 1848 tione
413 1785 457 1867 (ἐν
478 1779 606 1867 ἡμέραις
628 1788 712 1867 Νῶε)
737 1791 772 1858 ut
793 1788 872 1850 banc
894 1787 1025 1865 exempli
1048 1784 1224 1865 proferendi
1246 1801 1338 1847 eausa
1362 1783 1492 1848 additam
1516 1802 1587 1850 esse

306 1876 408 1950 putet,
432 1872 516 1934 istud
537 1871 613 1934 ποτέ
627 1878 730 1936 antem
747 1874 803 1948 „ad
823 1875 925 1950 omnia
943 1873 1006 1936 Vis.
1022 1872 1066 1934 Ti.
1084 1873 1207 1936 saecula
1223 1877 1353 1934 mortem
1373 1871 1487 1937 Christi
1502 1877 1587 1934 ante·

191 2004 196 2018 .
305 1963 433 2034 gressa*
457 1959 587 2032 referat,
617 1977 674 2038 per
702 1977 781 2037 quae
803 1961 859 2022 Dei
883 1959 1074 2024 clementiam
1099 1963 1132 2020 ut
1154 1958 1266 2036 singuli
1289 1960 1403 2035 quique
1426 1957 1589 2020 crederent

304 2043 342 2106 ad
365 2050 497 2106 mortem
519 2061 627 2110 eorum
644 2063 744 2124 usque
763 2051 962 2124 exspectasse
981 2041 1201 2123 (ἀπεξεδέχετο)
1219 2045 1299 2106 iacit.
1334 2042 1395 2106 Sed
1411 2035 1477 2104 οἷαν
1492 2042 1585 2116 istud,

305 2129 387 2208 quod
410 2136 481 2192 ante
504 2132 598 2194 verba
622 2129 652 2192 ἐν
674 2125 803 2212 ἡμέραις
825 2132 897 2194 Νῶε
920 2130 1087 2196 subaudire
1102 2129 1205 2209 jubet,
1225 2134 1278 2192 aut
1292 2128 1362 2192 addi
1381 2129 1513 2191 debebat
1534 2135 1587 2194 aut

306 2233 368 2277 uon
385 2217 525 2294 intelligi,
545 2235 646 2295 neque
661 2220 787 2296 quaein
802 2218 879 2280 banc
891 2236 958 2280 rem
969 2219 1171 2296 proferuntur
1182 2217 1319 2295 exempla
1332 2215 1522 2293 (MarellIV,
1535 2217 1585 2282 30.

303 2301 376 2363 Luc.
389 2303 437 2376 iv,
456 2305 505 2366 25.
529 2305 577 2367 Dt.
591 2304 699 2376 xxxi,
718 2305 783 2382 10),
807 2321 876 2366 cnm
899 2306 961 2366 sint
977 2304 1055 2365 alius
1071 2306 1208 2381 generis,
1232 2301 1343 2379 aliquid
1360 2297 1504 2380 probant,
1528 2318 1585 2367 nec

304 2388 436 2466 denique
464 2389 592 2454 verbum
621 2386 815 2468 ἀπεξεδέχετο
845 2396 916 2468 apte
939 2393 1013 2468 poni
1036 2390 1136 2468 potuit
1165 2388 1246 2450 nulla
1274 2390 1387 2464 injecta
1408 2389 1479 2450 finis
1502 2405 1585 2464 uren·

284 2475 404 2550 xtioue;
432 2493 502 2537 nam
525 2493 615 2554 quem
638 2477 746 2537 mortis
769 2477 863 2538 tinem
885 2477 994 2538 statuit
1014 2474 1194 2552 Bengelius‚
1218 2475 1317 2546 linxit,
1342 2491 1410 2535 curn
1434 2472 1471 2534 ad
1494 2491 1586 2551 quem

219 2561 222 2572 ’
303 2563 430 2638 respicit
453 2562 612 2640 apostolus
635 2563 729 2623 lateat
751 2564 780 2622 in
804 2561 909 2624 verbis
933 2557 1234 2638 κατασκευαζομένης
1257 2561 1420 2636 κιβωτοῦ.ι

389 2645 528 2727 Longum
552 2652 601 2720 est
622 2665 723 2727 neque
745 2648 838 2726 buius
861 2649 920 2710 loci
943 2650 1044 2709 omnia
1064 2649 1267 2725 interpretum
1290 2647 1449 2708 conamina
1469 2646 1585 2708 evitan-

305 2731 361 2795 dae
383 2732 466 2795 illius
489 2734 677 2796 difficultatis
699 2735 748 2796 hie
771 2752 925 2796 enarrare.
960 2733 1040 2796 Sunt
1062 2728 1204 2795 enarrata
1222 2732 1456 2809 diligentissime
1474 2736 1506 2794 et
1523 2747 1584 2792 ma*
1665 2791 1670 2796 .

302 2820 414 2880 rimam
432 2827 551 2898 partem
569 2819 725 2883 subtiliter
741 2822 874 2883 refutata
892 2839 908 2881 a
924 2820 1077 2897 Steigero.
1114 2820 1276 2882 Caeterum
1293 2821 1375 2880 inter
1392 2819 1584 2880 recentiores

302 2909 491 2984 interpretes
509 2912 638 2969 eatenus
655 2907 721 2967 iere
739 2907 895 2978 convenit,
914 2909 999 2985 ipsos
1014 2905 1083 2968 illos
1097 2905 1213 2968 Noaehi
1228 2904 1373 2983 aequales
1389 2906 1442 2982 qui
1457 2908 1586 2982 propter

303 2989 376 3054 tidei
398 2991 636 3054 inobedientiam
659 2992 773 3053 diluvio
796 2994 947 3070 perierint
968 3009 1023 3053 eos
1047 3008 1133 3065 esse,
1158 2997 1189 3053 et
1212 2994 1357 3070 quantum
1381 3009 1419 3051 ex
1441 2990 1500 3052 hoc
1518 2990 1585 3067 qui-

304 3076 373 3138 dem
396 3079 463 3140 looo
487 3080 685 3157 cognoscitur
707 3077 792 3139 solos
816 3095 901 3152 esse,
926 3078 963 3139 ad
982 3096 1061 3156 quos
1078 3079 1263 3156 pertinuerit
1280 3077 1355 3137 haec
1371 3076 1485 3138 Christi
1503 3079 1584 3138 inter

303 3180 359 3226 eos
388 3167 564 3244 apparentis
594 3162 818 3242 praedicatio.¹
861 3165 966 3239 Qualis
995 3165 1074 3226 baec
1100 3165 1195 3226 inerit
1221 3161 1409 3240 praedicatio
1437 3161 1585 3224 solvenda

303 3256 403 3312 restat
424 3253 566 3329 quaestio
589 3250 694 3312 ultima
717 3257 749 3311 et
771 3269 903 3323 summa,
935 3267 1013 3328 quae
1036 3251 1143 3328 quanti
1166 3250 1312 3310 momenti
1333 3251 1388 3320 sit,
1412 3266 1450 3309 er
1473 3263 1584 3325 magno

303 3339 505 3414 interpretum
528 3337 673 3399 dissensu
696 3339 904 3414 cognoscitur.
949 3335 1046 3397 Nemo
1069 3353 1143 3397 vero
1167 3336 1338 3412 negaverit,
1368 3336 1482 3396 arctius
1506 3335 1583 3416 bane

211 3493 214 3510 Ι
304 3425 517 3500 quaestionem
546 3441 614 3483 cum
638 3427 704 3483 tota
734 3422 871 3484 doctrina
896 3422 1064 3499 dogmatica
1088 3421 1271 3491 cohaerere,
1303 3437 1393 3498 quam
1421 3427 1457 3482 ut
1482 3420 1584 3481 soluta

304 3525 438 3589 unquam
461 3509 558 3572 videri
580 3509 695 3586 possit,
720 3511 748 3570 si
766 3524 845 3585 qnae
864 3526 901 3568 er
919 3507 1063 3570 hocloco
1080 3507 1261 3570 obscuriore
1279 3507 1444 3568 derivanda
1462 3504 1583 3568 videan-

210 3611 215 3620 ‘
304 3600 354 3660 tur
372 3597 427 3667 iis,
443 3612 522 3674 quae
540 3594 703 3660 clarissimi
720 3594 779 3656 loci
796 3593 937 3666 doceant,
955 3595 1151 3660 inveniantur
1167 3597 1378 3672 repugnantia.
1413 3590 1583 3654 Dummodo

304 3698 483 3753 caveamus,
514 3697 552 3741 ne
581 3682 612 3742 in
640 3682 786 3757 majorem
813 3680 1015 3742 orthodoxiae
1043 3679 1171 3758 gloriam
1199 3683 1371 3759 scripturae
1395 3696 1500 3744 sacrae
1522 3680 1584 3742 vim

198 3771 201 3776 '
303 3767 480 3828 inieramus.

389 3869 557 3932 Discedunt
577 3876 679 3940 autem
702 3872 734 3930 in
749 3871 806 3931 bac
823 3849 1003 3948 quaestione
1020 3850 1209 3955 interpretes
1226 3873 1259 3930 in
1276 3871 1351 3931 duas
1370 3873 1498 3962 maxime
1516 3889 1584 3950 par-

312 4014 510 4025 ......—.--

374 4097 396 4145 l.
415 4091 473 4144 Non
491 4107 543 4159 qno
563 4096 706 4145 statuamus
724 4096 806 4144 totum
823 4091 1004 4144 conversionis
1024 4091 1136 4157 spatium
1155 4090 1226 4159 qnod
1240 4091 1383 4158 reliquerat
1395 4075 1453 4144 ist'is
1469 4092 1583 4146 clemen-

304 4162 338 4214 tia
358 4159 445 4212 divina
464 4162 689 4230 circumscriptum
709 4161 790 4214 luisse
807 4161 934 4228 temporis
957 4159 1068 4212 termino
1093 4175 1140 4228 per
1157 4159 1228 4228 qnod
1245 4175 1305 4212 area
1325 4167 1513 4226 exstrueretur,
1536 4162 1584 4214 sed

304 4229 364 4283 finis
383 4236 454 4282 certe
473 4230 642 4299 exspectandi
661 4231 701 4283 bis
719 4230 807 4282 verbis
826 4227 997 4296 significatur.

371 4317 395 4368 2.
415 4315 452 4368 be
469 4317 555 4369 Wette
577 4321 715 4386 postquam
727 4318 814 4370 ornnia
833 4314 967 4376 refutavit,
986 4329 1053 4381 quae
1067 4314 1179 4381 probare
1196 4314 1360 4376 viderentur,
1379 4317 1493 4384 exempli
1511 4324 1583 4372 certe

303 4385 385 4436 instar
415 4385 481 4438 istos
504 4385 645 4439 Noacbitas
671 4384 882 4442 commemorari,
902 4383 979 4435 rediit
1001 4382 1032 4434 ad
1051 4383 1114 4438 boc:
1138 4384 1226 4446 ..Ades
1249 4387 1318 4438 diere
1341 4385 1445 4437 Grande
1466 4387 1584 4442 mira·

305 4454 383 4512 baum
398 4462 523 4525 pennigeri.
556 4455 684 4508 Vielmebr
702 4458 802 4508 sobriat
817 4455 863 4518 des
878 4452 1014 4518 Verfasrer
1029 4454 1146 4506 wirblieb
1161 4454 1203 4506 die
1218 4453 1344 4517 (nense)
1362 4453 1468 4521 Predipt
1485 4455 1584 4514 Christi

306 4523 359 4588 auf
371 4524 413 4575 die
427 4523 636 4592 Unqeborrnmen
647 4543 680 4576 so
691 4524 780 4576 Nouis
790 4523 847 4574 Zeit
861 4540 893 4572 au
911 4523 964 4576 des
974 4521 1171 4574 cbrdnlren.“
1195 4521 1307 4577 Hntber:
1327 4524 1392 4582 „dm
1404 4523 1524 4576 Gadanlre
1537 4525 1583 4580 der
1627 4574 1632 4584 ,

304 4591 424 4660 Aporlslr
441 4595 478 4646 s'rt
495 4594 555 4654 der,
575 4595 637 4646 daca
656 4593 774 4645 Cbrs'atrm
792 4619 825 4628 -
843 4619 877 4628 -
894 4593 923 4644 in
940 4591 989 4642 dan
1008 4590 1096 4644 Hadra
1109 4610 1141 4659 pe
1159 4608 1244 4657 angers
1267 4592 1322 4642 und
1344 4591 1402 4643 dort
1425 4593 1474 4644 den
1491 4593 1584 4648 Seelaav

303 4662 358 4713 der
379 4664 412 4713 in
434 4663 490 4714 der
508 4662 679 4727 Ss'ntflutb
701 4660 984 4728 umqebommenen
1007 4662 1048 4712 ein
1069 4607 1157 4729 κὴρνὲ
1178 4660 1242 4722 (der
1262 4659 1352 4724 Heilr)
1376 4663 1510 4729 pernoram
1534 4665 1580 4718 asi.

303 4729 394 4788 Hiedrs'
410 4748 480 4784 musa
496 4733 545 4784 der
565 4731 663 4798 &eget
684 4728 891 4798 scatentium
908 4754 941 4772 w
958 4730 1023 4778 ···.“
1501 4781 1502 4784 ,
