3516 5360
733 335 838 427 ruera.
854 333 902 399 ιιι,
923 333 976 388 ιε,
1383 375 1385 380 .
1452 327 1493 396 at

207 497 339 573 prinum
363 496 466 556 obstat
482 491 564 574 quo'd
580 503 688 574 aperte
704 499 808 560 verbis
827 494 1028 574 ζωοποιηθεὶς
1045 493 1078 556 ιι
1097 491 1246 572 arripere
1263 513 1326 564 nou
1341 495 1379 558 de
1396 499 1492 560 uicto

209 583 257 642 rln
270 581 384 642 Christi
401 582 438 640 in
452 580 628 644 homi-nes
644 579 828 661 πνεύματι
849 582 1020 644 exhibita
1035 597 1140 644 sermo
1158 587 1222 652 eat,
1241 581 1350 644 secde
1370 585 1490 648 vitain

208 667 402 728 {lhristum
424 667 526 743 ipsum
548 675 703 730 mortuum
726 664 910 747 πνεύματι
934 667 1083 730 collata.
1121 666 1216 744 Culus
1237 668 1319 728 ritae
1342 667 1489 747 omdquid

210 752 485 820 documentoesse
498 755 614 830 possit,
635 757 662 814 si
676 755 779 816 verbis
792 755 942 833 proximis
958 751 990 814 ιν
1002 739 1027 836 ᾧ
1038 752 1091 816 καί
1107 751 1242 816 additum
1256 769 1321 816 non
1336 757 1491 818 conducas

206 843 274 912 tur,
296 838 367 900 loeo
389 843 498 900 nostro
520 841 644 902 omnino
667 859 830 919 perperam
851 841 990 902 inlertur.
1030 839 1099 900 Jam
1120 839 1208 902 faeie
1231 839 1391 917 apparebit
1406 840 1490 914 istud

105 932 108 941 '
209 925 263 986 eei
281 926 386 1002 potius
409 939 582 1003 repugnare
611 927 641 987 ει
668 929 756 1004 cujus
786 930 818 988 in
847 925 990 988 numium
1019 929 1148 987 necetur
1177 927 1356 998 sententiae
1408 927 1491 990 idem

196 1009 351 1073 »Christus
375 1017 481 1089 aperte
504 1013 649 1088 quiante
672 1013 875 1090 ζωοποιηθιις
898 1011 1009 1076 dicitur
1032 1009 1143 1074 delude
1164 1012 1329 1094 πορευθεὶς
1351 1009 1489 1090 κηρύξαι.

203 1095 341 1170 Ιθιιιιιιιιε
364 1113 440 1160 vero
462 1098 553 1158 etiam
576 1097 657 1158 illam
679 1105 856 1177 temporum
877 1097 995 1160 Noaohi
1018 1101 1053 1158 et
1066 1096 1215 1168 lentorum
1231 1100 1490 1174 comparationem

209 1183 341 1259 primum
364 1185 395 1244 in
410 1186 677 1258 argumentatione
693 1185 872 1246 locumnon
887 1183 1015 1253 habere,
1038 1185 1106 1260 ipsu
1121 1183 1287 1246 verborum
1302 1187 1491 1248 structurae·

210 1285 272 1345 oue
294 1270 374 1330 ratio
399 1268 498 1330 docet.
543 1269 665 1331 Poenae
685 1272 787 1344 notio,
810 1272 939 1332 maxime
962 1273 1067 1330 autem
1087 1267 1204 1338 Neaehi
1227 1283 1355 1340 nomeu.
1377 1271 1491 1349 quippe

204 1367 265 1432 per
288 1371 380 1432 quem
409 1354 550 1420 Christus
578 1355 803 1434 praedicasset,
831 1355 964 1418 detenet
983 1354 1045 1416 alio
1072 1369 1206 1432 prorsus
1226 1353 1319 1416 modo
1341 1359 1489 1421 eminere.

204 1438 364 1505 Summam
385 1441 490 1518 potius
509 1442 571 1502 vim
591 1442 683 1504 habet
699 1461 768 1504 cum
783 1439 926 1522 ἐκήρυξε
945 1441 1089 1513 umbem,
1111 1439 1194 1518 quod
1210 1441 1388 1521 Wieaingra
1404 1447 1490 1504 recte

208 1532 329 1598 menet,
360 1529 426 1588 tum
455 1543 533 1605 quae
556 1545 612 1605 per
640 1529 788 1590 voeabula
809 1526 842 1588 ιι
864 1515 889 1611 ᾧ
909 1527 965 1588 και
990 1527 1127 1605 graviter
1153 1527 1204 1588 hic
1230 1527 1381 1604 culpem
1404 1530 1490 1592 notio
1543 1531 1546 1539 ¹

71 1576 80 1594 χ
192 1606 435 1691 ’ζωικυιηθείς...

293 1696 410 1760 Deinde
432 1695 494 1758 hoe
511 1700 613 1777 ipsum
636 1697 801 1777 πορευθείς
822 1702 952 1760 maxime
966 1705 1095 1776 prepter
1116 1697 1217 1760 locum
1233 1715 1327 1775 quem
1345 1701 1376 1760 in
1393 1717 1489 1765 caune

207 1785 283 1844 tiato
305 1783 399 1846 habet
419 1783 508 1845 aliter
529 1784 660 1861 intelligi
684 1802 745 1846 nou
767 1785 842 1848 licet
862 1786 923 1846 nisi
944 1787 987 1846 ita
1008 1790 1044 1846 ut
1064 1779 1189 1864 φυλακή
1211 1786 1287 1857 ista,
1311 1802 1373 1862 qua
1394 1789 1491 1850 cente

207 1871 277 1930 neri
292 1868 436 1932 dicuntur
454 1864 628 1946 πνεύματα,
646 1869 736 1932 simul
748 1887 864 1947 scopus
879 1872 977 1932 linitae
992 1871 1195 1948 profectionis
1209 1869 1325 1932 Christi
1338 1873 1490 1948 signione.-

206 1961 267 2018 tur.
302 1954 483 2034 Respondet
499 1957 597 2027 (etiam
620 1957 691 2018 huic
714 1956 877 2037 nopae-‘iulg
900 1955 1030 2018 alterum
1045 1975 1073 2017 v.
1086 1957 1142 2027 22,
1167 1953 1250 2032 qued
1273 1962 1379 2035 aperte
1400 1975 1490 2036 prae-

206 2041 326 2104 dicatur
348 2043 386 2103 de
410 2041 533 2104 Christo
562 2042 731 2106 ιειιιιιε.1
771 2039 944 2119 Πνειματε
973 2053 1067 2120 porro
1097 2059 1154 2104 cur
1175 2041 1369 2119 appellentur
1390 2047 1428 2118 ιι,
1450 2045 1488 2110 ad

153 2125 157 2140 '
184 2143 286 2206 ,quos
307 2127 449 2189 Christus
474 2145 508 2189 se
532 2129 675 2202 eontulit,
700 2145 762 2191 non
786 2128 968 2206 intelligitur
990 2131 1051 2190 uisi
1077 2145 1145 2190 oum
1174 2130 1288 2205 ecqui
1318 2134 1368 2190 est
1395 2124 1487 2193 meai-

166 2233 171 2244 ·
202 2235 283 2292 port
312 2212 513 2291 ζωοποιηθεις
541 2223 766 2292 componantur
792 2217 850 2287 ita,
879 2220 913 2276 nt
934 2213 1193 2293 appareataillum
1213 2230 1306 2291 agere
1331 2216 1396 2292 jam
1418 2233 1487 2280 cum
1580 2213 1582 2216 ’

204 2301 260 2372 iis,
284 2302 337 2378 qui
359 2317 451 2362 earne
474 2304 506 2361 et
528 2301 588 2377 ipsi
610 2318 672 2362 uon
690 2303 756 2379 jam
779 2305 918 2372 utantur,
942 2301 973 2361 ιι
996 2301 1079 2378 quod
1102 2305 1247 2377 tanquam
1269 2302 1350 2364 uitae
1374 2301 1487 2375 Christi

207 2386 376 2464 spiritualis
405 2403 558 2448 summum
585 2388 860 2472 etsfirmissimum
889 2385 1106 2448 documentum
1139 2386 1176 2447 ah
1207 2387 1349 2462 apostolo
1381 2388 1486 2464 adiuro,

207 2474 307 2550 giturr
347 2465 486 2549 lienique
510 2471 603 2534 verba
625 2472 664 2532 τι
686 2472 717 2534 ιν
741 2474 864 2554 φυλακῇ
888 2467 1047 2550 πνεύματα
1071 2473 1238 2548 quominus
1266 2471 1305 2534 de
1334 2477 1418 2535 statu
1440 2492 1488 2537 ac·

207 2559 372 2635 cupiamus,
403 2560 435 2619 iu
465 2573 527 2634 quo
557 2551 726 2620 Noaohitae
753 2575 835 2620 nuno
865 2562 928 2620 sint
955 2562 1122 2636 postquam
1150 2556 1411 2636 praedicationem
1437 2561 1487 2626 ors

207 2643 288 2706 mille
317 2646 406 2706 annis
436 2651 507 2704 ante
537 2651 693 2722 acceptam
723 2647 915 2722 respuerint,
950 2644 1076 2722 impedit
1106 2661 1175 2706 eum
1204 2644 1314 2706 horum
1342 2647 1486 2722 ,ipsorum

207 2729 373 2791 verborum
395 2732 474 2790 ratio
497 2725 681 2808 (πνεύματι)
704 2735 769 2791 tum
791 2729 874 2791 istud
896 2728 985 2810 nori,
1010 2729 1093 2808 quod
1116 2731 1266 2807 sequitur.
1302 2730 1397 2797 Recte
1420 2735 1487 2810 qui-

206 2815 277 2878 dem
300 2821 405 2876 monet
426 2816 617 2878 Holmanuus
632 2818 826 2895 participium
841 2809 1052 2894 ἀπειθήσασιν
1068 2833 1137 2878 cum
1155 2816 1284 2878 articulo
1299 2823 1404 2882 careat
1424 2835 1488 2882 nou

206 2901 328 2964 relativi
357 2903 507 2964 enuntiati
536 2903 597 2964 vim
626 2903 749 2968 habere.
796 2902 913 2978 Quodsi
938 2919 1035 2980 porro
1062 2902 1252 2981 participiale
1280 2902 1363 2966 istud
1391 2922 1486 2968 enum

205 2990 315 3049 lictum
331 2991 373 3049 ita
383 2988 519 3064 *intelligi
536 2987 617 3055 vult,
630 2997 664 3048 ut
683 2996 720 3050 et
736 2988 944 3067 praedicatum
959 2987 1031 3049 olim
1043 2987 1200 3050 Noaoliitis
1213 2989 1312 3050 inisse
1325 2989 1404 3052 dieat
1416 3008 1488 3070 apae

201 3073 307 3136 ¹stolus
331 3079 368 3135 et
390 3073 557 3151 plerosque
580 3076 643 3135 nen
664 3075 833 3137 credidisse
856 3074 985 3147 addat,
1008 3091 1048 3134 ue
1069 3073 1129 3135 hoe
1144 3073 1267 3152 quidem
1287 3077 1422 3140 fortasse
1444 3081 1487 3150 ita

207 3162 282 3222 vitio
305 3158 486 3222 vertendum
510 3167 559 3220 est
580 3164 626 3222 uti
647 3163 824 3238 Wiesinger
840 3161 907 3222 vult
928 3163 973 3238 (p.
988 3160 1067 3234 243)
1091 3164 1145 3238 qui
1164 3165 1257 3236 negat
1278 3161 1404 3224 omuino
1426 3165 1487 3230 tale

207 3249 399 3308 emundatum
409 3249 551 3324 potuisse
562 3248 701 3308 aoristi
713 3249 875 3326 participio
887 3249 1009 3308 annecti
1021 3248 1115 3325 (Win.
1126 3247 1176 3306 Gr.
1190 3245 1237 3310 ed.
1248 3247 1287 3308 Vl
1298 3265 1328 3325 p.
1339 3249 1399 3312 315
1409 3251 1487 3328 sq.);

208 3349 277 3394 uam
292 3331 376 3410 quod
390 3334 452 3394 isto
468 3334 630 3410 participio
645 3337 820 3396 annectitur
834 3351 902 3395 rem
924 3333 1062 3394 eontinet
1084 3349 1128 3394 ειι
1151 3337 1275 3394 mente
1297 3341 1335 3394 et
1358 3341 1486 3398 aetate

207 3421 419 3496 scriptoris
433 3421 550 3496 pariter
565 3423 763 3496 praeteritam
779 3426 810 3481 et
823 3425 1065 3482 consummatam
1082 3435 1118 3480 ac
1132 3436 1210 3496 quae
1223 3419 1319 3482 verbo
1332 3420 1420 3482 linito
1434 3425 1484 3500 (ex

208 3504 371 3564 Holmanui
394 3505 531 3565 maxime'
547 3508 711 3582 sententia)
736 3509 927 3580 continetur3
952 3521 1136 3587 quemquam
1158 3507 1228 3582 quis
1251 3523 1313 3566 uon
1335 3507 1487 3583 ejusmodi

207 3591 380 3651 orationem
404 3590 547 3668 etpculo
571 3590 798 3669 impeditiorem
815 3591 853 3651 ed
875 3591 1065 3652 intellectum
1092 3597 1123 3652 ει
1151 3593 1227 3652 satis
1257 3589 1386 3652 debilem
1415 3611 1486 3658 esse

208 3678 343 3751 sentiat?
388 3675 450 3737 Sed
471 3676 555 3754 quod
578 3679 793 3754 gravissimum
813 3677 1066 3756 impedimentum
1094 3694 1166 3740 esse
1188 3677 1324 3749 videtur,
1347 3696 1416 3740 euru
1439 3697 1487 3744 se·

204 3761 339 3824 eundum
367 3762 530 3824 Holmanni
556 3765 708 3822 rationem
738 3763 898 3840 apestolus
926 3762 1075 3840 particula
1102 3763 1177 3823 ποτέ
1202 3765 1298 3840 prisci
1326 3768 1485 3843 temporis,

204 3848 442 3927 praedicationis
461 3847 595 3920 seilicet,
620 3845 827 3910 conditionem
844 3851 981 3926 graviter
997 3851 1085 3909 notet
1102 3851 1133 3908 ει
1151 3850 1179 3908 ei
1196 3850 1329 3926 tempori
1347 3850 1383 3910 ad
1402 3852 1484 3929 quod

204 3931 239 3996 τὰ
254 3931 285 3994 ἐν
300 3936 424 4018 φυλακῇ
439 3927 514 3994 εἶναι
532 3934 729 3996 referendum
747 3939 797 3996 est
819 3939 970 4012 opponat,
990 3934 1071 4018 haec
1084 3936 1313 3996 enuntiatorum
1330 3939 1485 4018 oppositio

197 4037 273 4084 ⁴uon
295 4021 384 4084 aliter
405 4025 528 4098 poterat
549 4037 726 4098 emergere,
749 4021 810 4084 uisi
831 4022 863 4080 in
875 4019 1133 4099 praecedentibus
1154 4019 1216 4080 tale
1230 4021 1410 4087 vocabulum
1431 4041 1486 4102 po·

206 4109 301 4168 situm
329 4112 417 4168 esset
444 4104 528 4183 quod
556 4108 769 4184 oppositorum
790 4109 945 4168 rationem
971 4116 1004 4168 et
1024 4108 1237 4184 praemuniret
1262 4111 1294 4168 et
1316 4109 1486 4173 luculenter

184 4350 187 4356 .
274 4313 297 4364 l.
317 4309 419 4372 eninm
436 4310 504 4362 locis
522 4309 651 4362 Holmann
671 4317 697 4363 et
714 4309 810 4363 Besser
829 4309 1064 4378 pertimescerem
1089 4325 1164 4363 usum
1189 4311 1318 4379 quendam
1341 4314 1416 4366 verbi
1439 4309 1486 4366 ne·

224 4373 342 4432 aiecius
359 4380 528 4440 translatum,
545 4381 639 4446 partim
657 4391 793 4447 perperam
819 4380 961 4432 intellectis
980 4382 1054 4438 (Aet.
1072 4379 1117 4440 lll,
1133 4383 1167 4434 26
1190 4381 1236 4432 cir.
1255 4381 1345 4450 meyer
1369 4382 1401 4434 ad
1425 4383 1449 4436 ln.
1468 4384 1485 4437 l

204 4394 361 4502 lucensio·
373 4447 390 4500 l.
401 4449 417 4500 l.
432 4464 457 4516 p.
472 4451 542 4510 24⁰),
560 4449 588 4499 iu
605 4449 638 4500 iis
657 4449 680 4500 si
695 4459 765 4516 quae
784 4455 825 4500 cst
841 4462 905 4500 naus
918 4449 1062 4502 similitudo
1080 4449 1227 4516 explicatur
1239 4450 1317 4502 modo
1330 4465 1363 4502 ex
1373 4453 1486 4520 imagine

206 4517 243 4569 ibi
261 4524 386 4586 usurpata
406 4517 568 4579 ederim,
588 4515 665 4579 modo
684 4532 698 4570 e
718 4525 841 4570 contextu
858 4517 925 4584 lipln
942 4517 978 4578 Ιι,
995 4521 1026 4570 17
1046 4517 1103 4580 (eir.
1122 4535 1147 4570 v.
1163 4521 1208 4574 12:
1227 4503 1276 4586 ἦτε
1293 4512 1326 4570 ἐν
1342 4519 1380 4591 τῷ
1397 4521 1487 4594 καιρῷ

204 4579 303 4668 ἐκεινῳ
315 4585 423 4656 χωρὶς
433 4585 562 4672 Χριστριι
572 4613 649 4669 -3-
667 4587 713 4664 li:
730 4585 791 4670 uugi
803 4581 875 4670 deff-'-
887 4582 966 4655 ipsis
975 4581 1004 4636 οι
1013 4600 1080 4636 ποτε
1094 4582 1172 4643 ὄντες
1184 4580 1418 4672 μικρὰνὶἐγγιις
1428 4582 1488 4658 ἐγε-
1526 4629 1528 4632 .
1542 4629 1555 4658 ,

205 4657 481 4792 {dicimini
496 4669 785 4778 {utilitati
801 4669 1004 4804 tetre
1017 4681 1101 4776 un
1119 4654 1488 4792 diarmitium
