3516 5360
728 378 740 433 l
753 377 833 434 Para.
846 377 894 442 lv,
912 377 939 431 6.
1433 377 1474 438 53

191 545 379 626 spectaverit
402 559 492 620 quam
522 544 667 603 continuo
695 546 727 603 et
747 543 918 620 argumenti
949 539 1071 619 quidem
1096 541 1164 600 loco
1196 542 1284 618 sequi
1316 559 1475 604 assevera-

187 633 305 696 tionem
337 629 374 690 de
408 629 588 690 clementiae
616 628 736 690 divinae
768 627 983 706 amplitudine,
1014 630 1095 686 mort
1096 635 1154 686 uos
1183 643 1308 704 quoque
1340 631 1472 707 comple
1524 695 1528 700 ,
1604 683 1614 697 ,,

189 717 313 778 cientis.
344 715 433 816 ‘Quae
457 716 679 775 sententiarum
702 715 905 792 repugnantia
930 705 1027 774 etiam
1043 716 1136 788 auget
1135 731 1174 774 ur
1197 706 1399 791 explicatione
1421 731 1472 776 eo·

191 820 277 874 rum,
301 803 353 880 qui
368 799 464 874 veluti
486 801 531 860 lle
547 801 619 861 Wet
619 804 650 860 te
674 800 796 860 sub-'t
754 806 796 860 ιιι
798 818 887 860 orum
902 803 1094 860 mortuorum
1113 800 1239 859 notione
1254 799 1350 860 latere
1366 801 1474 862 volunt

191 889 292 966 primo
315 889 382 948 loco
406 868 619 947 inobedientes
643 887 712 947 illos
735 886 852 948 Noacbi
880 885 1041 962 aequales,
1067 903 1198 962 quorum
1222 887 1323 946 ante
1311 905 1374 962 Jam
1393 887 1474 948 sacta

80 968 83 972 ’
192 976 234 1036 sit
257 975 381 1034 mentio
417 972 501 1032 Unde
522 975 596 1032 mira
613 972 763 1049 quaedam
781 972 883 1033 evadit
899 990 954 1031 sen
957 974 1024 1031 tten
1025 975 1122 1031 iarum
1140 974 1327 1054 consecutio.
1359 971 1474 1034 Adver-

192 1063 268 1122 sarii
259 1059 411 1120 reddent
425 1060 575 1118 rationem
587 1075 690 1120 coram
706 1076 744 1119 eo
752 1056 824 1136 ‚qui
837 1063 979 1156 promtus
991 1063 1041 1117 est
1058 1062 1089 1116 et
1100 1045 1228 1134 paratus
1243 1057 1280 1118 ad
1300 1059 1474 1121 habendum

186 1145 336 1223 judicium
360 1144 398 1204 de
418 1145 496 1204 vivis
520 1149 553 1204 et
576 1146 723 1218 mortuis3
747 1162 816 1204 nam
841 1145 949 1204 bunc
942 1161 974 1202 m
996 1145 1087 1203 tinem
1111 1145 1201 1204 ctiam
1217 1147 1347 1205 mortuis
1368 1145 1475 1207 infide

193 1231 274 1292 libus
298 1231 417 1292 scilicet
438 1231 509 1291 istis
527 1229 643 1290 Noacbi
666 1229 846 1308 aequalibus
862 1229 1051 1304 evangelium
1068 1230 1277 1307 praedicatum
1292 1236 1353 1303 est,
1373 1235 1438 1292 nt'
1425 1250 1474 1308 Ju-

193 1319 304 1380 dicium
331 1316 453 1394 quidem
475 1316 549 1376 illud
572 1317 676 1377 diluvii
698 1318 840 1393 perpessi
858 1315 1008 1392 judicium
1031 1321 1200 1376 extremum
1218 1318 1358 1378 vitarent.
1393 1320 1475 1378 Hanc

150 1403 153 1416 '
194 1421 285 1481 quam
315 1403 394 1464 bene
423 1404 561 1469 sensisse
591 1402 713 1464 videtur
737 1404 779 1462 lle
797 1404 905 1462 =Wettc
933 1403 1163 1478 repugnantiam
1195 1403 1341 1480 expedire
1370 1404 1474 1465 studet
1594 1423 1596 1428 ’

194 1493 250 1562 ita,
273 1494 309 1549 ut
330 1489 423 1550 dicat:
446 1493 541 1568 „llnd
562 1495 662 1553 tndem
684 1511 718 1552 er
742 1508 777 1551 so
798 1491 861 1563 auf
875 1493 933 1551 das
953 1493 1058 1551 verbio
1075 1506 1129 1552 vor
1147 1493 1252 1569 Augen
1267 1495 1402 1571 pectellte
1419 1495 1476 1554 Er

195 1580 402 1655 ld'sunqsmerlc
426 1579 538 1639 Christi
566 1580 777 1638 zurdclcblielct
803 1580 867 1639 aad
892 1579 1029 1654 repleteb
1057 1580 1111 1637 dea
1136 1579 1292 1640 Gertcbtes
1322 1582 1396 1643 liber
1426 1582 1476 1640 dte

197 1666 311 1727 Todten
331 1666 469 1725 erudiam
480 1664 520 1734 (!)
526 1711 535 1738 ,
560 1666 694 1724 demerit
715 1682 764 1739 er,
789 1665 863 1723 daeo
885 1665 963 1724 auct
978 1665 1053 1738 J'ene
1073 1665 1186 1726 Todten
1202 1671 1259 1725 αἰιι
1279 1667 1392 1727 Noab's
1409 1667 1478 1728 Zeu

196 1754 245 1814 eto
270 1753 393 1812 Geatcbt
414 1752 580 1812 terronam
602 1746 728 1810 boben“
745 1750 811 1824 (.‘!).
859 1746 943 1818 Quae
973 1746 1059 1805 nihili
1082 1762 1153 1805 esse
1180 1765 1270 1808 nemo
1298 1746 1360 1808 non
1382 1748 1474 1812 videt.

197 1834 359 1894 Caeterum
373 1834 537 1909 quominus
554 1849 647 1893 versu
659 1837 747 1892 sexto
766 1832 802 1890 ad
818 1849 947 1908 eaquae
966 1830 1003 1891 de
1020 1831 1143 1891 Christo
1160 1833 1238 1910 apud
1257 1835 1374 1895 inferos
1386 1852 1474 1912 prae·
1548 1897 1551 1901 ,

197 1920 318 1982 dicante
340 1935 433 1995 supra
456 1919 531 1995 (III,
551 1919 606 1993 19)
623 1918 703 1978 dicta
727 1920 790 1978 sint
811 1922 954 1995 putemus
977 1916 1129 1992 ablegari,
1151 1919 1255 1979 obstat
1272 1915 1474 1999 εὐηγγελίσθη

197 2024 281 2067 mere
303 2007 428 2082 passive
451 2004 574 2066 dictum.
620 2003 803 2064 Necessario
826 2009 954 2081 propter
971 2002 1189 2076 antecedentis
1219 2009 1391 2068 sententiae
1414 2009 1474 2067 vim

199 2093 290 2154 etiam
314 2109 394 2168 quae
418 2096 591 2168 sequuntur
614 2090 735 2150 Christo
758 2091 818 2167 ipsi
847 2089 1000 2150 debebant
1029 2089 1123 2149 tribui
1151 2093 1178 2151 si
1201 2091 1238 2151 ad
1267 2093 1351 2153 illum
1375 2094 1474 2154 locum

199 2179 316 2240 valeret
331 2182 494 2276 respectus
511 2177 576 2254 (cfr
594 2176 710 2236 Baurl.
724 2177 740 2236 l
758 2196 786 2254 p.
800 2179 870 2238 217.
894 2175 1113 2253 Engelhardtl.
1128 2177 1145 2236 Ι.
1164 2195 1192 2254 p
1206 2177 1268 2242 280
1282 2180 1350 2257 sq..)
1379 2180 1474 2240 lmmo

198 2264 359 2326 eundem
351 2281 382 2322 m
406 2262 529 2348 modum
552 2262 610 2322 boe
633 2263 701 2322 loco
731 2263 867 2339 loquitur
890 2263 1050 2338 apostolus
1080 2268 1173 2339 atque
1202 2281 1295 2342 supra
1323 2266 1362 2325 de
1384 2283 1475 2326 evan-

198 2351 376 2428 gelistarum
399 2343 543 2410 munere:
567 2343 587 2406 dd
611 2352 664 2407 νῦν
680 2339 858 2427 ἀνηγγέλη
844 2355 917 2424 υμῖν
934 2345 995 2406 διὰ
1020 2352 1092 2407 τῶν
1117 2344 1475 2428 εὐαγγελισαμένων

198 2430 586 2513 1μᾶς(1,12)οιοτοῠτό
609 2431 825 2510 στιτορημα
847 2456 886 2492 το
910 2429 1346 2512 εὖαγγελισθένειςυμᾶς.
1378 2437 1474 2512 Quem

200 2524 289 2584 affert
311 2523 487 2597 Wiesinger
517 2520 617 2582 locum
640 2520 729 2580 Mttb.
744 2521 837 2588 XI‚5
862 2522 903 2596 (p.
921 2519 1026 2596 274)
1019 2538 1044 2579 1s
1067 2521 1208 2597 proiecto
1232 2523 1307 2582 nihil
1329 2523 1366 2583 ad
1389 2524 1474 2590 baec.

200 2608 256 2682 Qui
280 2625 354 2668 vero
376 2608 461 2668 Petri
483 2606 577 2667 verba
600 2607 686 2679 1,11
712 2613 743 2666 et
763 2607 800 2668 12
824 2611 966 2666 accurate
989 2622 1057 2665 cum
1076 2608 1193 2667 nostris
1208 2609 1385 2682 contulerit,
1405 2627 1475 2672 eum

199 2695 308 2772 fugere
334 2710 397 2753 non
426 2693 541 2771 poterit
564 2691 692 2752 eandem
722 2692 770 2752 bic
797 2696 829 2751 et
857 2691 917 2752 illic
950 2691 1125 2767 generalem
1154 2711 1319 2757 occurrere
1351 2701 1475 2757 senten·

199 2783 288 2842 tiam:
313 2779 522 2855 evangelium,
553 2777 635 2856 quod
667 2777 876 2855 praedicatum
908 2779 948 2837 sit
978 2779 1059 2838 inter
1089 2778 1241 2853 lectores,
1273 2799 1339 2842 eam
1361 2782 1476 2844 babere

160 2883 163 2891 ’
201 2872 350 2927 summam
365 2882 381 2924 a
398 2864 559 2941 prophetis
582 2864 701 2924 scilicet
722 2865 1014 2942 praesignificatam,
1038 2865 1168 2942 gloriam
1191 2872 1222 2927 et
1236 2870 1330 2929 vitam
1345 2867 1475 2930 111111111-

201 2957 250 3016 oto
274 2952 464 3029 spiritualem
486 2951 642 3028 passionis
666 2952 696 3010 in
717 2967 809 3010 carne
831 2951 879 3010 via
904 2951 1105 3027 appetendam
1128 2969 1209 3013 esse.

292 3037 355 3098 lloc
384 3051 459 3098 vero
488 3037 660 3098 rectissime
690 3041 846 3108 monetur,
877 3053 990 3098 nomen
1013 3035 1114 3118 νεκροί
1135 3055 1161 3097 v.
1188 3041 1207 3102 6
1231 3059 1324 3118 quum
1347 3043 1476 3104 articulo

201 3129 320 3196 careat,
362 3139 423 3184 nou
462 3140 567 3184 omnes
603 3124 726 3183 omnino
763 3127 901 3183 mortuos
936 3124 1133 3200 significari.¹
1200 3125 1319 3188 Scimus
1354 3130 1477 3206 quidem

203 3211 269 3272 sine
292 3209 422 3270 articulo
449 3211 523 3286 poni
549 3209 608 3269 boc
635 3227 747 3270 nomen
778 3210 870 3268 etiam
898 3208 950 3269 ubi
978 3209 1149 3269 desiderari
1176 3211 1312 3288 videtur3
1341 3214 1396 3275 sed
1426 3215 1478 3275 obi

202 3298 387 3360 universitas
410 3300 602 3358 mortuorum
630 3294 828 3376 significanda
858 3300 908 3355 est
935 3296 1084 3356 articulus
1114 3296 1225 3358 deesse
1251 3317 1311 3359 non
1340 3301 1479 3377 potest.²

202 3383 300 3444 Etiam
319 3383 352 3441 in
374 3399 467 3442 versu
490 3383 597 3459 quinto
619 3400 677 3459 per
699 3400 734 3442 se
757 3382 800 3442 nil
822 3383 882 3442 nisi
909 3383 994 3442 notio
1014 3387 1205 3444 mortuorum
1231 3386 1326 3458 inest,
1355 3403 1412 3447 nec
1434 3389 1478 3448 in·

203 3469 322 3530 dicatur
337 3469 389 3544 qui
404 3473 518 3545 quotve
533 3468 575 3528 illi
592 3472 704 3529 mortui
720 3470 799 3543 sint3
822 3468 875 3530 sed
894 3485 987 3568 quum
1002 3474 1176 3545 opponatur
1192 3469 1287 3532 altera
1300 3475 1385 3534 notio
1401 3470 1477 3547 ζων-

202 3576 252 3626 τις
268 3572 327 3616 usu
347 3554 478 3642 quodam
498 3553 629 3614 solemni
645 3555 759 3616 lactum
777 3560 826 3614 est
845 3559 879 3614 ιιι
897 3555 1034 3618 omnium
1049 3557 1172 3615 omnino
1195 3559 1365 3620 animarum
1383 3558 1478 3635 juder

204 3623 429 3717 intelligeretur
456 3639 606 3700 Christus.
658 3639 884 3716 Nonnunquam
913 3641 1047 3700 recurrit
1076 3641 1181 3702 eadem
1211 3642 1332 3705 locutio
1383 3644 1479 3708 sica

204 3727 339 3798 limiti,
360 3727 386 3786 1.
410 3727 532 3796 ΑιιηΧ
549 3727 590 3786 42
613 3726 667 3786 cir.
691 3725 777 3784 Rom
793 3726 868 3796 XIV,
888 3726 916 3787 9.
962 3724 1066 3785 lnde
1053 3743 1117 3801 Jam
1140 3728 1199 3788 hoc
1221 3747 1371 3808 apparere
1397 3730 1480 3792 vide·

88 3856 91 3864 .
206 3819 271 3886 tur,
293 3811 480 3872 universitas
498 3810 605 3888 judicii
627 3810 679 3871 ubi
707 3809 855 3871 doceatur
877 3827 933 3887 per
960 3828 995 3870 se
1017 3811 1093 3870 nihil
1121 3814 1332 3890 explicationis
1361 3815 1479 3878 deside-

203 3901 274 3960 rari.
320 3898 410 3958 Gerte
435 3896 502 3956 aliis
525 3897 601 3956 locis
625 3896 776 3972 ejusmodi
804 3897 841 3956 de
870 3899 1000 3956 mortuis
1017 3895 1268 3962 *additamentum
1299 3902 1399 3979 aptius
1429 3903 1480 3963 ad-

94 4038 97 4046 ,
199 3984 388 4063 jungebatur
413 3982 464 4042 ubi
486 3982 638 4058 dogmatis
661 3983 758 4043 instar
781 3981 968 4043 afferebatur
987 3985 1141 4044 sententia
1158 3984 1239 4066 (bot.
1254 3989 1294 4060 Χ,
1308 3987 1373 4065 42),
1390 4007 1480 4068 quam

202 4072 255 4132 ubi
286 4068 511 4132 confirmandae
541 4073 658 4130 tantum
692 4070 922 4129 comminationi
950 4075 1057 4129 eontra
1089 4069 1300 4146 adversarios
1330 4075 1480 4136 lectorum

158 4213 167 4226 ,
204 4162 305 4218 autem
329 4155 533 4217 consolationi
559 4155 749 4216 inserviebat
771 4157 856 4214 notio
881 4156 925 4215 uti
947 4159 1057 4216 nostro
1085 4157 1162 4220 loco
1207 4159 1323 4233 Quodsi
1350 4161 1480 4239 Steiger,

204 4242 335 4315 (laedet,
348 4241 465 4302 llutber
477 4240 527 4301 alii
539 4241 654 4317 volunt,
662 4257 756 4302 versu
769 4245 858 4301 sexto
867 4241 973 4318 iudicii
985 4244 1217 4305 universitatem
1229 4245 1267 4305 ad
1279 4247 1481 4326 praedicatio-

205 4331 253 4390 nis
269 4327 418 4406 evangelii
434 4307 663 4404 amplitudinem
678 4329 831 4402 revocari,
848 4334 879 4388 et
893 4328 1040 4389 ambitum
1056 4331 1190 4391 notionis
1207 4353 1305 4414 νεκροι
1302 4333 1402 4411 justo
1418 4350 1480 4393 am·
1585 4355 1588 4360 ·

207 4415 287 4503 plius
310 4414 479 4475 extendunt
501 4419 532 4474 et
555 4413 645 4473 alium
667 4431 799 4490 prorsus
822 4417 927 4475 versui
951 4421 1040 4476 sexto
1063 4416 1255 4520 substituunt
1276 4421 1367 4480 finem
1389 4424 1481 4496 atque
1516 4413 1524 4426 ”

205 4551 408 4560 ...n-—n—..n--n

275 4619 299 4670 1.
317 4617 353 4668 lle
372 4618 472 4678 Wette,
491 4622 517 4668 et
536 4623 625 4668 contra
644 4617 788 4670 liutherum
806 4617 992 4682 Brueclmer,¹
990 4635 1073 4688 nuper
1090 4621 1247 4690 Wiesioger.

275 4702 399 4756 2Winer
418 4701 530 4754 Gramm
549 4705 639 4771 p.ll2
657 4702 697 4754 ed.
708 4703 755 4754 Vl:
775 4719 888 4774 „reaper
908 4704 999 4770 Tacite,
1018 4704 1046 4756 ot
1064 4707 1159 4832 vexpoe'
1177 4711 1239 4760 ater
1256 4710 1309 4760 dte
1329 4709 1423 4761 Todten
1442 4711 1482 4762 ale

208 4775 332 4828 testimari
348 4773 472 4839 peractae
492 4772 702 4825 Gesommlbeit.“
