3516 5360
249 301 307 398 ,⁶⁶
336 343 338 348 .
562 304 715 381 bnscrruus
732 319 786 368 our
808 319 901 367 rrarra
920 305 1028 368 &arom
1045 321 1243 367 corrasimus.

266 473 313 550 ,tle
331 487 386 547 erc
400 472 479 552 teo.
491 471 519 552 l,
530 471 586 547 31¹
606 469 709 540 edocti
725 473 824 540 inisse
841 471 1019 547 videantur,
1036 474 1106 552 quis
1121 471 1239 536 dubini
1257 473 1331 551 quin
1344 471 1456 538 aden
1470 477 1547 540 tem

265 575 355 647 pore.
373 555 610 638 ex'endcmque
638 575 694 629 ore
724 559 818 628 Petro
851 561 1034 629 innotuerit,
1062 576 1153 638 quem
1181 561 1213 626 ire
1241 560 1398 637 triumpho
1429 558 1548 638 agendo

267 644 305 712 de
328 645 475 713 uniuerso
496 643 611 712 diaboli
632 661 728 723 regno
753 646 854 709 locum
881 645 1024 710 babuerit
1045 641 1186 723 adparere
1209 644 1282 708 illud
1304 644 1483 722 erigentem
1507 644 1549 710 di·

259 729 351 797 luuio
376 727 535 808 abreptam
548 731 779 816 proclamatum.
812 729 909 798 Nobis
926 749 1009 798 nune
1025 749 1101 794 sane
1118 733 1178 795 nisi
1195 723 1386 808 conjiciendo
1402 749 1468 794 rem
1488 734 1550 792 ani-

266 834 317 891 eno
340 815 509 889 informare
533 833 595 881 non
619 834 802 896 possumus,
827 835 928 896 neque
950 823 1035 880 recte
1058 818 1252 882 informatam
1281 817 1463 880 babebimus
1491 818 1551 882 nisi

266 907 408 978 porrecta
432 902 572 971 nonnihil
596 905 739 972 uniuersa
766 903 803 967 de
822 904 940 982 angelis
958 920 1128 984 eorumque
1145 905 1233 982 lapsu
1250 901 1398 968 doctrina.
1434 903 1550 966 Goban-
1609 905 1617 933 ·’

267 988 358 1050 rebat
380 987 526 1050 videlicet
548 989 597 1050 illa
622 1007 701 1067 quac
725 996 815 1057 sexto
835 991 965 1056 Genesis
987 992 1087 1069 eapite
1108 990 1316 1067 significatur,
1338 988 1440 1052 dudae
1462 991 1551 1052 testi·

267 1077 370 1156 monio
400 1076 602 1142 confirmator
632 1077 988 1178 percussionnem
1017 1075 1144 1158 angelos
1169 1077 1326 1158 corruptio
1357 1077 1549 1155 cumprime

268 1141 380 1224 ellenon
403 1162 436 1232 in
459 1159 609 1238 adamum
632 1161 757 1244 mpetu.

354 1245 450 1330 Cujus
474 1248 521 1308 rei
540 1249 709 1318 rationem,
734 1251 761 1318 si
784 1250 961 1331 comeatum
984 1249 1028 1314 uti
1051 1247 1137 1318 lieet,
1166 1246 1245 1314 bane
1271 1248 1369 1314 tuisse
1397 1249 1551 1324 conjicias,

268 1339 303 1408 pt
331 1350 424 1417 qnam
453 1333 537 1405 Deus
566 1333 600 1394 0.
629 1335 670 1402 Ili.
702 1353 759 1422 per
787 1333 1012 1414 procreandum
1043 1351 1081 1396 ex
1110 1335 1243 1399 humano
1274 1350 1389 1410 genere
1420 1334 1551 1394 salvato

268 1436 335 1490 rem
366 1421 542 1502 aperuisset
564 1420 674 1488 salutis
697 1419 951 1499 liberationisque
975 1437 991 1481 c
1014 1421 1152 1488 satanica
1179 1424 1335 1496 potestate
1366 1420 1461 1490 riam,
1485 1436 1550 1482 eam

269 1503 410 1578 diabolus
438 1505 722 1584 corrumpenda
751 1524 793 1574 ac
822 1504 1081 1588 pervertenda
1116 1507 1368 1586 generatione
1392 1504 1552 1569 bumana

268 1591 403 1661 volitent
426 1591 625 1675 praecindere
649 1598 843 1674 venturoque
866 1593 922 1662 nei
944 1591 1007 1658 titio
1031 1593 1089 1660 sni
1113 1593 1224 1669 quasi
1247 1592 1406 1658 seminis
1432 1590 1552 1656 borni·

192 1707 193 1712 1
269 1693 336 1766 nes
368 1694 536 1757 opponent·
590 1678 681 1748 terte
711 1697 790 1756 udae
820 1680 921 1748 earnis
944 1678 1086 1757 voluptas
1113 1679 1146 1744 in
1169 1678 1282 1742 Genesi
1311 1677 1427 1754 angelis
1456 1679 1552 1754 impu·

270 1765 329 1837 teri
352 1763 475 1834 ridetur
498 1781 561 1836 non
586 1763 695 1840 efficit,
719 1770 752 1835 nt
770 1765 826 1832 alia
850 1766 946 1842 magis
970 1763 1087 1830 occuito
1104 1764 1240 1832 criminis
1256 1765 1334 1828 ratio
1352 1780 1431 1844 quae
1446 1766 1474 1826 si
1489 1779 1551 1824 non

271 1865 380 1934 omnes
405 1851 457 1938 qui
474 1851 516 1922 ita
539 1853 747 1930 peccaverunt
765 1851 903 1927 angelos,
920 1849 1070 1918 diabolum
1090 1854 1174 1915 certe
1192 1850 1407 1921 commoverit,
1428 1851 1552 1911 omnino

271 1934 409 2018 neganda
435 1938 485 2006 sit.
531 1931 686 2011 Quosdam
705 1954 781 2003 vcro
805 1940 835 1997 in
864 1935 977 2004 diaboli
999 1936 1208 2013 maiorumque
1231 1936 1408 2012 angelorum
1433 1943 1464 1996 ct
1485 1952 1553 2014 pao

269 2023 349 2082 ntcie
369 2027 400 2083 et
410 2021 528 2107 judIcio
550 2023 638 2100 quasi
656 2023 769 2102 gradum
789 2029 821 2090 et
839 2039 1028 2104 progressus
1047 2023 1215 2106 significari
1233 2024 1265 2092 in
1285 2039 1374 2087 sacra
1390 2023 1552 2098 scriptura,

271 2111 431 2180 consenso
460 2107 497 2181 ab
529 2110 616 2179 initio
641 2107 813 2180 christiana
842 2108 981 2178 ecelesia.
1031 2107 1095 2179 Sub
1123 2109 1215 2180 tinen]
1244 2125 1334 2175 acrae
1363 2107 1554 2171 christianae

272 2192 302 2268 id
326 2196 428 2288 ipsum
450 2192 582 2272 lemnus
605 2195 748 2265 enectum
770 2197 808 2261 iri
831 2213 848 2264 a
870 2194 1005 2271 diabolo,
1025 2201 1060 2260 ut
1077 2193 1228 2273 quendam
1244 2196 1286 2260 ita
1304 2197 1480 2272 eormmpat
1502 2196 1554 2271 qui

271 2281 335 2340 sni
370 2281 486 2370 quasi
519 2280 630 2348 filins
665 2281 861 2365 spirituali
895 2279 1052 2366 quadani
1085 2282 1338 2365 generatione
1371 2285 1554 2358 procreatus

272 2367 403 2440 exststm
425 2372 457 2428 at
479 2383 517 2428 uc
540 2372 647 2444 utpote
674 2373 760 2437 totus
784 2367 886 2438 scelus
906 2373 938 2440 et
956 2367 1106 2447 flagitium
1142 2383 1196 2434 ure
1213 2359 1362 2434 nicatori
1386 2361 1556 2446 desperare

199 2479 204 2484 ·
271 2455 328 2532 τῆς
350 2385 524 2530 inopsque,
548 2443 564 2519 ὁ
588 2449 656 2532 eide
677 2457 734 2538 τῆς
755 2451 908 2523 ἀπωλείας
930 2453 968 2532 (2
980 2451 1089 2527 Thess.
1103 2385 1180 2530 defi
1203 2452 1258 2518 cfr.
1284 2451 1440 2522 1Job.il,
1462 2451 1500 2514 18
1524 2455 1556 2514 et

273 2535 326 2623 liv.
339 2538 407 2599 lob.
423 2537 507 2610 XIII,
522 2538 584 2620 27).
619 2539 664 2600 Ex
687 2539 747 2612 iipe
771 2546 872 2605 autem
890 2535 1069 2616 judicantur
1085 2537 1205 2603 consilii
1222 2539 1323 2611 initia,
1346 2556 1385 2602 ex
1404 2536 1556 2616 spirituali

272 2625 384 2686 effectu
408 2621 482 2710 quid
506 2627 692 2704 spectaverit
715 2621 871 2691 conamen*
888 2621 960 2698 illud
984 2623 1105 2691 carnale
1129 2623 1211 2701 [Jud-
1227 2624 1267 2700 l).
1326 2687 1329 2699 ,
1513 2693 1521 2708 ,

359 2708 446 2796 Quod
477 2707 529 2776 ubi
559 2712 728 2782 coercitum
759 2718 808 2774 cst
835 2711 974 2778 immisso
998 2709 1144 2777 diuinitus
1173 2709 1302 2782 diluvio,
1326 2709 1556 2774 constitueban-

269 2799 321 2856 tur
347 2797 412 2874 jam
439 2796 512 2864 nom
534 2801 662 2863 naturae
692 2795 834 2870 ordines,
863 2799 916 2878 qui
943 2813 1005 2862 non
1035 2798 1243 2863 intermissum
1269 2804 1430 2858 manerent
1455 2811 1556 2876 usquc

271 2881 342 2944 dum
369 2883 567 2965 appariturus
592 2887 692 2958 esset,
716 2885 769 2962 qui
792 2885 908 2948 salvum
931 2887 1106 2964 praestaret
1119 2883 1247 2964 neoque
1269 2882 1484 2946 reconciliaret
1506 2898 1556 2960 ge·

271 2985 330 3030 nus
353 2968 528 3034 humanum.
564 2968 685 3035 Diaboli
707 2971 856 3051 potestati
875 2970 940 3045 jam
961 2967 1037 3032 nibil
1055 2969 1195 3032 relictum
1220 2975 1303 3040 erat,
1327 2969 1387 3030 nisi
1411 2973 1444 3032 ut
1463 2965 1556 3036 fidem

273 3059 305 3118 et
328 3070 419 3133 spem
437 3055 470 3115 in
500 3053 551 3115 illo
578 3056 701 3134 generis
725 3056 905 3120 auxiliatore
936 3060 968 3119 et
997 3056 1156 3134 expiatore
1181 3052 1356 3133 ponendam
1384 3051 1556 3136 impediret,

271 3141 441 3218 repositam
468 3141 634 3224 frangeret.
687 3139 774 3220 Quod
798 3159 892 3222 quum
924 3143 1053 3204 maxime
1077 3143 1218 3203 effectum
1247 3142 1285 3202 iri
1307 3139 1448 3204 rideatur
1470 3141 1556 3203 nnti-

271 3226 388 3288 christo
408 3227 490 3288 inter
504 3227 693 3288 Christianos
711 3233 829 3302 exorto,
846 3233 911 3288 tum
926 3227 1038 3292 redibit
1051 3226 1193 3288 Christus
1209 3227 1295 3287 Irrita
1312 3223 1491 3286 redditurus
1504 3223 1556 3286 de-

270 3311 364 3391 nique
383 3311 497 3374 diaboli
515 3329 619 3390 opera.
658 3313 770 3374 Eadem
786 3315 851 3392 jam
867 3313 1067 3394 ejusdemque
1091 3311 1234 3374 videntur
1257 3328 1399 3389 quaeque
1417 3317 1556 3372 extremo
1644 3303 1648 3328 '

273 3397 323 3461 dic
353 3415 494 3477 quaeque
522 3401 554 3460 in
582 3399 696 3461 diluvio
724 3401 937 3478 refringantur
965 3400 1123 3458 conamina
1152 3396 1244 3460 modo
1272 3397 1437 3458 carnaliter
1465 3393 1558 3458 modo

236 3490 238 3496 ’
272 3485 476 3563 spiritualiier
496 3485 622 3559 effecta3
643 3490 674 3547 ct
696 3489 806 3548 mirum
826 3483 939 3569 quanta
958 3484 1028 3545 inde
1050 3484 1172 3545 exsistit
1189 3483 1293 3548 diluuii
1310 3487 1342 3544 et
1360 3483 1490 3544 extremi
1508 3485 1559 3559 ju·

274 3569 344 3633 olen
368 3569 548 3645 slmlIitudo‚
575 3587 654 3649 quae
678 3572 799 3655 quidem
823 3575 855 3633 in
878 3572 1047 3633 descensus
1071 3587 1139 3631 cum
1162 3569 1263 3632 reditu
1281 3565 1395 3630 Christi
1418 3568 1558 3635 similitu·

274 3656 344 3719 dine
363 3657 524 3738 pepbcitur
549 3663 579 3717 et
604 3666 844 3730 consummatur.
890 3655 1020 3718 Reditus
1044 3658 1125 3720 enIm
1150 3654 1277 3728 Christi,
1306 3657 1419 3738 quippe
1443 3653 1558 3732 judicis

274 3739 457 3822 apparituri,
473 3743 643 3820 respondet
665 3749 807 3840 antiquae
830 3744 873 3804 illi
895 3744 977 3804 inter
1000 3743 1116 3824 antiqui
1139 3742 1243 3803 mundi
1266 3743 1349 3804 cives
1373 3741 1557 3820 apparitioni

275 3832 306 3904 In
331 3829 483 3902 descensu
508 3833 701 3908 conspicuae.
748 3831 831 3914 Quae
862 3826 985 3907 quidem
1012 3845 1074 3892 non
1102 3831 1203 3906 potuit
1231 3827 1292 3896 ullo
1321 3832 1461 3912 tempore
1489 3825 1559 3888 fleri
1679 3856 1685 3860 ·

275 3917 392 3993 aptius,
417 3931 509 3994 qnam
532 3911 626 4005 quum
649 3919 781 4004 primurn
802 3932 858 4003 per
872 3913 1028 3980 Christum
1045 3933 1154 3977 rerum
1168 3914 1226 3976 Dei
1249 3913 1359 3987 fllium,
1376 3915 1484 3992 generi
1503 3913 1559 3974 bu-

275 3999 366 4062 mano
386 3999 581 4074 sanctissima
597 4005 737 4064 innatum
752 4005 967 4092 generatione,
984 4003 1129 4063 restituta
1146 4002 1289 4084 apparuit
1301 4000 1432 4060 bumana
1450 4003 1560 4060 natura

270 4103 375 4165 eaque
397 4087 502 4162 inlici
526 4091 655 4165 gratiam
700 4090 839 4174 atrisque
863 4103 997 4160 amorem
1021 4087 1152 4149 scichter
1167 4087 1300 4154 redacta.
1332 4085 1424 4166 Cujus
1442 4101 1560 4148 summa

274 4169 342 4235 laus
373 4179 422 4236 est
444 4182 645 4254 προςαγαγιῑν
667 4107 751 4255 {urie
773 4177 817 4256 τῷ
837 4175 918 4256 θεῷ,
952 4175 979 4236 is
1002 4173 1078 4233 abiit
1100 4171 1136 4234 ad
1164 4170 1407 4233 convincendum
1434 4173 1560 4250 penitus

240 4278 244 4284 ’
277 4259 451 4322 seductoris
474 4261 634 4338 antiquum
656 4259 729 4320 illud
758 4277 917 4321 conamen.
963 4259 1134 4338 Corruptae
1162 4265 1264 4320 autem
1292 4256 1499 4319 miserandum
1527 4258 1560 4316 in

275 4344 400 4423 middin
423 4347 525 4432 sontis
540 4343 738 4416 denobilitare
760 4345 933 4423 exemplum
954 4346 1140 4436 proponitur
1161 4344 1199 4408 nb
1216 4341 1363 4434 ¹apostolo
1379 4343 1434 4415 iis,
1458 4342 1560 4420 quiin

347 4551 371 4614 t,
394 4537 441 4616 Οἷς
457 4548 505 4614 tel
521 4547 698 4634 argiranda
715 4544 981 4632 doarlvjoirgte
998 4543 1082 4620 aare
1100 4543 1138 4609 τὸ
1156 4549 1289 4608 oresio
1305 4540 1405 4611 αὐτὸν,
1422 4573 1458 4591 ...
1474 4575 1509 4589 -
1526 4573 1559 4586 -

277 4613 421 4692 λέγωντὰ
440 4615 521 4688 περ(
538 4633 596 4687 της
612 4619 794 4687 βασιλείας
810 4635 858 4670 του
876 4623 952 4670 deon.
