3516 5360
653 328 663 336 ’
769 327 927 384 Goncnusro.
1448 318 1487 381 67

215 491 306 553 simili
328 494 393 570 jarn
421 494 580 554 constituti
603 493 840 571 sintperieu103
869 509 938 553 nam
961 486 976 552 ὃ
1005 488 1158 562 ἀντίδικος
1179 484 1267 567 ὑμῶν
1295 491 1395 566 inquit
1424 483 1488 547 ded-

213 577 308 654 βολος
337 571 378 652 ὥς
406 577 482 640 λέων
505 574 679 658 ὠρυόμενος
707 585 868 657 περιπατεῖ
890 577 988 654 ζητῶν
1014 579 1081 638 τίνα
1110 574 1242 656 καταπίῃ
1271 577 1321 652 (V,
1341 575 1387 652 8).
1431 574 1488 636 lm-

215 663 327 741 pendet
351 663 463 740 judicis
493 664 642 727 adventus
667 665 730 743 (IV,
748 668 776 728 5.
798 667 841 740 7).
889 665 1000 742 Quiqoi
1031 663 1178 724 adversus
1207 661 1318 721 diaboii
1346 662 1487 739 impetus,

216 754 251 809 ut
278 751 330 826 qui
360 752 391 810 in
414 753 490 828 ipsis
519 751 579 812 iihs
602 745 769 828 παθήμασι
799 751 979 812 Christianis
998 768 1025 811 a
1054 750 1126 810 fidei
1156 749 1341 808 adversariis
1372 748 1488 826 paratis

217 837 344 897 maxime
368 843 532 898 cernantur
555 837 591 914 (l.
607 837 626 899 l.
651 857 678 899 v.
697 837 749 913 iii,
772 839 896 904 fortiter
917 836 1039 915 fideque
1067 840 1188 897 servata
1216 851 1277 895 non
1306 833 1487 906 restiterint,

218 923 347 983 convicti
370 923 519 984 sistentur
537 940 640 984 eoram
657 922 759 1000 judice
783 940 844 983 non
870 925 968 984 minus
992 940 1082 1000 quarn
1102 923 1145 982 ihi
1173 922 1226 999 qui
1248 913 1363 980 Noachi
1386 923 1488 979 aetate

218 1023 279 1067 non
302 1009 446 1070 restitere
470 1009 665 1087 maluereque
689 1011 789 1069 earnis
812 1009 984 1086 voluptates
1007 1010 1096 1087 ‘sequi
1121 1025 1210 1086 quarn
1229 1023 1285 1084 per
1303 1006 1396 1067 breve
1413 1009 1488 1065 tem·

215 1110 274 1171 pus
303 1095 404 1174 earnis
433 1095 646 1157 afflictationes
674 1097 738 1172 pati
766 1113 833 1156 cum
862 1094 987 1155 Noaeho
1011 1096 1098 1172 justo
1129 1095 1179 1154 illo
1207 1095 1274 1154 viro
1309 1096 1340 1153 et
1372 1093 1488 1170 antiqui

216 1178 320 1240 mundi
343 1182 430 1258 quasi
454 1186 622 1243 servatore.
737 1246 740 1266 ff

300 1267 360 1327 Pro
384 1269 594 1328 tristissimam
615 1267 789 1346 praeclarae
818 1270 912 1327 sortis
937 1267 1127 1328 Christianae
1158 1267 1430 1344 permutationem,
1462 1265 1490 1324 si

218 1351 330 1428 quibus
348 1353 542 1426 Christianis,
566 1372 658 1431 quum
679 1353 819 1415 Christus
837 1356 1031 1431 appariturus
1055 1358 1118 1423 est,
1142 1369 1203 1412 non
1221 1349 1311 1410 modo
1335 1367 1396 1410 non
1421 1367 1492 1426 gau·

216 1437 349 1498 dendum
367 1440 410 1517 (1,
430 1439 482 1516 8),
507 1439 561 1499 sed
585 1457 683 1517 aeque
699 1458 767 1501 eum
790 1442 858 1502 istis
882 1439 992 1518 quibus
1016 1441 1118 1500 statim
1136 1443 1208 1515 post
1232 1438 1492 1497 resurrectionem

214 1524 245 1583 iu
262 1528 557 1603 careerelapparuit,
581 1543 679 1604 aeque
697 1543 766 1587 eum
788 1528 825 1586 iis
849 1529 902 1604 qui
919 1525 1022 1604 judice
1041 1527 1304 1603 appropinquante
1323 1522 1491 1583 adversarii

215 1610 329 1670 inventi
354 1618 425 1672 sunt
443 1613 503 1688 (iv,
520 1615 547 1675 5.
564 1612 613 1681 18)
627 1613 924 1678 contremiscennun
941 1611 1228 1686 lamentandumque
1249 1611 1308 1669 erit
1325 1624 1416 1686 quam
1434 1624 1490 1684 per

216 1696 314 1758 fluxas
339 1698 439 1757 earnis
463 1697 604 1758 libidines
628 1697 816 1776 perdiderint
839 1698 946 1758 salutis
971 1714 1055 1774 spem
1080 1703 1244 1758 aeternam.

301 1783 381 1848 Haeo
403 1781 525 1846 uidetur
547 1783 630 1848 Petri
653 1783 690 1843 de
715 1783 827 1843 Christi
851 1783 886 1844 ed
911 1784 1028 1844 animas
1052 1782 1156 1844 diluuii
1181 1782 1297 1858 judieio
1321 1779 1490 1857 implicatas

218 1867 370 1929 deseensu
392 1871 546 1928 sententia
572 1885 658 1940 esse,
688 1887 778 1948 qaam
802 1886 839 1928 ne
867 1887 969 1929 merae
993 1870 1189 1946 conjecturae
1219 1868 1286 1930 loco
1316 1866 1492 1937 habeamus,

217 1961 335 2023 cavent,
354 1956 475 2030 opinor,
492 1961 523 2015 et
545 1953 702 2036 doctrinae
724 1955 807 2032 larga
831 1959 923 2034 atque
949 1954 1073 2018 indubia
1093 1956 1221 2030 vestigia
1242 1958 1272 2018 et
1290 1969 1398 2029 magna
1415 1969 1494 2028 quae

214 2040 320 2107 inesse
343 2038 463 2103 videtur
486 2058 578 2122 quum
602 2030 821 2112 consolationis
844 2047 907 2108 tun
931 2059 1005 2104 vero
1030 2039 1253 2104 adhortationis
1278 2040 1373 2116 copia.
