3516 5360
690 275 794 382 l'Pnrr.
810 287 864 401 11⁵1,
882 322 927 383 19.
1410 321 1456 384 33·
1557 361 1582 388 ,.

172 496 258 562 tura,
282 490 330 549 cui
352 491 477 566 propria
500 489 592 568 hujus
605 489 693 550 verbi
708 491 754 551 vis
771 495 842 567 apte
861 489 1173 552 accommodaretur.¹
1208 491 1340 564 Flacius,
1358 505 1450 568 quem
1551 491 1554 508 ’

143 615 148 632 ,
174 576 273 638 solum
295 577 362 636 iere
385 575 495 634 bacin
519 592 611 638 causa
633 575 812 638 elaborasse
834 578 940 648 video,
964 578 1041 637 satis
1064 581 1148 636 recte
1172 575 1236 648 „Ni
1256 576 1301 635 Ti.
1320 580 1449 655 scripto-

173 667 250 723 res“
278 662 379 737 inquit
405 665 531 732 „sumta
560 660 691 723 dictione
714 680 731 721 a
753 663 958 738 praeconibus
981 665 1034 738 qui
1063 667 1136 722 suut
1158 680 1266 738 regum
1287 669 1319 722 et
1338 662 1450 738 guber-

175 754 318 810 natorum
346 747 491 818 ministri,
524 764 559 807 ac
586 750 707 808 intensa
738 766 813 810 voce
845 748 958 826 populo
988 748 1177 808 voluntatem
1209 753 1261 807 aut
1293 748 1451 810 decretum

177 837 409 910 magistratuum
437 831 616 914 denuntiant
640 869 674 878 .„
709 833 751 894 ob
778 835 961 910 quandam
990 833 1286 896 similitudinem
1314 853 1451 911 perso-

175 936 468 992 narum„rerum
489 923 552 979 aut
572 921 784 980 functionis
807 923 1011 981 ministerium
1032 926 1063 980 et
1084 923 1338 997 propagationem
1362 938 1451 982 evan-

176 1007 247 1084 gelii
277 1009 514 1082 expresserunt,
550 1013 584 1066 ut
612 1005 782 1068 indicarent
811 1006 1049 1082 evangelium
1077 1005 1199 1076 clare,
1228 1007 1383 1084 publice
1414 1012 1452 1067 et

176 1092 303 1154 libere
333 1109 415 1151 cum
442 1091 597 1167 quadam
626 1090 812 1169 dignitate
840 1101 876 1152 et
903 1095 1138 1153 auctoritate
1165 1094 1307 1152 omuibus
1331 1091 1452 1153 traden-

176 1179 247 1240 dum
284 1184 315 1238 et
350 1176 561 1238 inculcandum
591 1195 678 1247 esse,
713 1181 792 1238 sicut
825 1179 896 1238 olim
927 1196 1098 1255 praecones
1133 1178 1274 1239 solebant
1311 1178 1453 1240 adstante

176 1271 229 1326 aut
253 1267 403 1340 sequente
426 1270 527 1338 rege“
552 1263 671 1340 (Glavls
695 1281 719 1326 s.
740 1283 768 1326 v.
791 1264 996 1343 praedicare).
1033 1263 1149 1338 Quibus
1173 1271 1257 1324 recte
1281 1264 1452 1324 declaratur
1527 1269 1530 1284 ⁴

175 1352 341 1414 locutionis
368 1351 465 1426 origo.
510 1350 673 1410 Enimvero
701 1367 762 1410 non
788 1351 916 1421 suflicit,
943 1367 1033 1410 usum
1056 1350 1143 1410 verbi
1172 1352 1203 1409 iu
1228 1350 1358 1410 docendi
1383 1369 1453 1426 pro-

178 1435 371 1517 pagandique
394 1437 582 1510 evangelii
605 1438 731 1496 notione
751 1438 912 1498 contineri.
947 1437 1003 1496 Est
1024 1453 1098 1497 sane
1116 1437 1265 1512 evangelii
1282 1441 1390 1497 natura
1413 1439 1455 1496 ita

178 1527 366 1600 comparata,
390 1526 425 1580 ut
447 1538 514 1581 eam
529 1520 658 1582 docendi
681 1521 774 1582 verba
796 1518 963 1594 διδάσκειν,
988 1515 1192 1601 παραδιδόναι
1218 1528 1249 1582 et
1272 1540 1350 1601 quae
1372 1524 1454 1582 sirni-
1522 1551 1526 1560 »

178 1610 219 1671 lia
250 1606 327 1685 apud
357 1606 558 1684 philosophos
585 1608 686 1668 locum
712 1607 826 1668 babent
854 1626 962 1684 parum
991 1615 1062 1685 apte
1092 1608 1359 1682 circumscribant;
1387 1626 1456 1669 uam

179 1712 284 1756 rerum
312 1699 469 1768 gestarum
493 1695 617 1754 nuntius
640 1695 743 1771 potius
767 1698 815 1755 est
845 1711 935 1770 quam
965 1695 1111 1768 scientiae
1134 1693 1262 1771 alicujus
1286 1694 1454 1772 disciplina.

179 1781 240 1844 Sed
260 1779 336 1840 haec
359 1781 428 1856 ipsa
458 1784 507 1839 est
533 1782 618 1840 notio
640 1779 805 1840 verborum
834 1777 1043 1857 ἀναγγέλλιιν,
1066 1777 1292 1858 καταγγέλλειν,
1317 1778 1420 1858 ὐιαγγέ
1440 1816 1455 1826 -

179 1870 251 1936 λιιι,
276 1881 408 1942 quorum
431 1881 521 1925 usum
546 1865 743 1926 Alexandrini
770 1868 802 1926 in
823 1866 903 1925 bunc
925 1866 1017 1925 linem
1045 1866 1135 1943 quasi
1157 1866 1453 1941 praeformaverunt.

181 1952 259 2028 Quid
288 1948 368 2028 quod
399 1951 554 2025 peculiare
582 1950 710 2012 verbum
738 1951 816 2012 Lxx
844 1951 1066 2028 interpretibus
1094 1954 1170 2011 satis
1199 1952 1345 2011 usitatum
1374 1953 1455 2027 (θαι.

180 2038 246 2110 Lll,
268 2040 296 2099 λ.
320 2036 530 2107 Ps.xcv1‚2
554 2038 609 2112 al.)
632 2041 757 2114 praesto
781 2042 862 2109 erat,
890 2037 929 2096 ab
957 2039 1025 2113 ipso
1053 2036 1103 2098 illo
1134 2039 1257 2098 nomine
1286 2036 1456 2098 derivatum
1493 2105 1497 2114 Ι

180 2121 374 2202 εὐαγγελίζειν
398 2139 424 2184 s.
449 2117 704 2200 εὐαγγελίζεσθαι.
751 2123 796 2183 Ex
818 2124 883 2184 sola
906 2124 1056 2198 evangelii
1080 2125 1204 2182 notione
1233 2141 1285 2184 res
1314 2140 1375 2183 non
1406 2141 1456 2183 er-

181 2210 320 2290 plicatur.
355 2207 452 2268 Aliam
475 2210 507 2268 iu
529 2208 673 2268 auxilium
691 2226 837 2270 vocemus
852 2226 982 2270 necesse
1005 2215 1055 2269 est
1075 2211 1231 2269 notionem
1249 2209 1304 2269 No.
1317 2210 1372 2270 To.
1396 2226 1456 2269 uon

183 2297 284 2356 minus
308 2295 478 2371 propriam,
503 2297 534 2354 in
558 2312 618 2370 qua
641 2297 730 2371 quasi
757 2296 986 2356 fundamentum
1010 2311 1162 2371 omneque
1187 2296 1337 2372 evangelii
1368 2313 1458 2371 argu·

182 2385 319 2444 mentum
342 2384 503 2452 cernatur,
528 2380 646 2442 scilicet
667 2381 863 2458 βασιλείαν
886 2384 959 2440 τῶν
982 2376 1153 2458 οὐρανῶν
1175 2383 1240 2442 sive
1264 2385 1330 2440 τοῦ
1353 2382 1455 2440 θεοῦ.

89 2526 96 2533 .
181 2468 262 2530 llaec
281 2471 330 2526 est
352 2483 442 2541 quam
455 2466 574 2527 Flacius
597 2466 669 2527 dicit
692 2466 877 2539 „similitudo
897 2482 1113 2542 personarum,
1137 2484 1241 2527 rerum
1259 2471 1312 2526 aut
1328 2467 1459 2526 functio·
1551 2528 1561 2538 ,

184 2555 263 2614 nis.“
297 2550 429 2612 Nuntius
452 2552 501 2612 ille
524 2570 635 2624 novus,
660 2571 751 2629 quem
775 2552 915 2613 Christus
939 2552 1114 2629 Christique
1137 2551 1268 2630 apostoli
1283 2552 1458 2613 bominibus
1493 2613 1497 2625 ,

184 2638 375 2710 detulerunt,
407 2644 455 2700 est
485 2635 519 2698 τὸ
548 2635 718 2715 εὐαγγέλιον
748 2641 804 2718 τῆς
832 2638 998 2712 βασιλείας.
1048 2638 1102 2697 (lui
1129 2640 1247 2699 notioni
1274 2655 1365 2714 quam
1388 2644 1459 2714 apte

185 2723 372 2802 respondeat
394 2720 555 2803 κηρύσσειν
579 2725 705 2786 verbum
727 2729 858 2784 nonest
882 2724 963 2800 quod
982 2740 1177 2802 exponamus.
1213 2724 1357 2801 Singulos
1373 2724 1459 2785 locos

184 2812 344 2887 librosque
362 2811 427 2887 jam
450 2809 603 2870 adeamus.

272 2897 407 2956 Primum
429 2896 670 2967 animadvertas,
695 2914 825 2973 quaeso,
847 2895 925 2972 apud
944 2895 1131 2966 Jobauuem,
1157 2895 1235 2972 apud
1259 2914 1350 2973 quem
1373 2899 1460 2972 regui
1514 2887 1516 2895 ’

187 2984 279 3046 divini
303 2982 417 3044 mentio
440 2985 562 3044 omniuo
586 2984 685 3042 rarior
708 2988 770 3054 est,
793 2981 989 3059 praedicandi
1006 2984 1092 3057 regui
1112 2999 1149 3042 ne
1168 2981 1228 3041 ulla
1245 2982 1381 3059 quidem,
1405 3003 1461 3058 xq-

188 3067 309 3147 ρύσσιιν
333 3067 414 3127 nullo
437 3068 504 3129 loco
527 3070 596 3144 legi.
630 3067 709 3129 Lxx
726 3071 927 3146 interpretum
946 3087 1036 3129 usum
1052 3085 1187 3145 sequens
1204 3065 1395 3146 ὐναγγέλλειν
1413 3067 1461 3128 vel

188 3157 279 3216 etiam
302 3149 498 3232 εἰσαγγέλλειν
522 3155 557 3230 (l
574 3154 644 3218 Jolr.
658 3155 685 3225 l,
705 3156 732 3217 2.
751 3156 786 3218 3:
810 3151 867 3233 τὴν
891 3149 1003 3232 ζαῆν),
1027 3156 1220 3229 potissimum
1243 3171 1318 3214 vero
1340 3175 1462 3231 μαρτυ-

162 3248 250 3322 ρεῖν
278 3242 309 3300 iu
337 3241 404 3317 ejus
427 3239 510 3302 modi
532 3241 606 3302 loeis
630 3257 744 3316 ponere
768 3240 905 3302 maluit.²
950 3240 1062 3300 Contra
1086 3240 1259 3300 Matthaeus
1283 3245 1390 3299 auctor
1412 3238 1461 3300 ille

189 3333 221 3390 et
243 3328 331 3403 quasi
352 3326 455 3387 fautor
477 3344 614 3388 summus
639 3326 796 3388 doctrinae
826 3326 863 3386 de
881 3342 987 3410 'regno
1017 3326 1120 3386 divilro
1150 3344 1211 3385 nou
1239 3325 1350 3386 solum
1367 3326 1463 3386 verbo

188 3419 356 3491 μαρτυρεῖν
378 3415 536 3476 rarissime
559 3415 670 3484 utitur,
700 3412 754 3474 sed
778 3413 949 3490 composita
972 3411 1020 3472 illa
1043 3411 1129 3474 verbi
1152 3408 1303 3490 ἀγγέλλειν
1326 3417 1379 3471 aut
1401 3430 1463 3472 om-

190 3501 261 3559 nino
286 3514 347 3558 nou
376 3499 480 3572 babet,
507 3505 560 3559 aut
583 3495 778 3578 ἀπαγγέλλειν
803 3498 841 3559 de
862 3499 976 3558 nuntiis
1003 3498 1203 3574 quibuslibet,
1230 3497 1282 3558 sed
1309 3515 1463 3575 uunquam

193 3600 288 3646 seusu
311 3582 362 3643 illo
391 3587 526 3661 graviori
549 3584 586 3644 de
613 3603 710 3659 reguo
740 3583 842 3645 divino
870 3582 1082 3645 annuntiando¹
1105 3592 1241 3661 usurpat.
1285 3582 1369 3644 Idem
1398 3583 1463 3643 sere

165 3721 168 3728 .
191 3671 272 3733 valet
294 3668 331 3730 de
351 3671 467 3730 Marco.
1015 3707 1018 3724 .

276 3757 310 3816 ln
333 3756 432 3817 Lucae
458 3759 594 3834 seriptis,
619 3773 711 3831 quum
734 3758 822 3830 regni
845 3755 938 3816 divini
960 3756 1118 3813 notionem
1142 3773 1210 3815 cum
1233 3755 1299 3814 aliis
1323 3770 1400 3830 quas
1421 3755 1465 3813 fa-

193 3848 249 3910 cile
274 3844 462 3908 substituere
486 3842 570 3903 licuit
593 3846 698 3900 mutuo
721 3843 864 3917 usurpari
885 3839 1056 3908 videamus
1081 3842 1178 3916 magis
1202 3858 1293 3917 quam
1315 3839 1394 3917 apud
1417 3858 1465 3900 re-

192 3936 295 4012 liquos
322 3929 527 4006 evangelistas
555 3929 683 3987 fluctuat
710 3943 795 3987 usus.
840 3927 1028 4002 Frequentat
1053 3925 1180 3985 verbum
1211 3921 1465 4003 εὐαγγελίζεσθαι,

194 4018 275 4098 quod
299 4013 378 4094 apud
399 4013 586 4074 lllaltbaeum
603 4013 710 4085 semel,
732 4010 811 4090 apud
828 4013 963 4071 Marcum
987 4028 1143 4088 nunquam
1164 4011 1285 4088 legitur.
1319 4012 1363 4071 lta
1376 4006 1465 4090 εὐαγ-

194 4163 389 4174 ..μ-...ιμ-

264 4239 288 4290 1.
307 4235 408 4287 Etenim
429 4250 479 4285 non
499 4235 534 4284 lta
554 4235 639 4286 animo
658 4231 820 4284 informanda
839 4248 880 4284 res
899 4238 952 4293 est,
970 4233 1044 4299 quasi
1063 4245 1129 4299 quae
1148 4237 1207 4284 ante
1226 4248 1274 4283 usu
1290 4232 1467 4300 frequentiore

194 4309 320 4360 laxiorem
339 4305 463 4356 ambitum
484 4308 557 4354 nacta
583 4303 618 4354 eit
636 4303 722 4361 notio,
748 4308 839 4368 postea
864 4303 889 4352 in
913 4301 1072 4367 singularem
1091 4299 1220 4368 quendam
1245 4316 1321 4352 usum
1341 4315 1467 4352 conversa

196 4378 244 4438 eit,
262 4376 307 4442 qui
331 4390 379 4442 per
397 4384 425 4425 se
444 4373 545 4424 alienus
564 4370 682 4423 videatur
705 4387 719 4422 a
738 4367 842 4438 propria
861 4371 934 4422 verbi
952 4376 1090 4438 potestate.
1126 4367 1179 4422 Sed
1202 4371 1310 4422 verbum
1335 4368 1404 4436 quod
1424 4383 1482 4420 so-·

196 4447 309 4498 lemnem
328 4458 431 4510 semper
450 4448 476 4493 et
493 4441 590 4508 ubique
609 4440 703 4492 babuit¹
716 4455 805 4502 usum,
823 4439 941 4492 videmus
959 4454 1041 4491 novae
1061 4453 1167 4506 prorsus
1180 4439 1218 4491 rei
1231 4439 1355 4508 applicari
1369 4454 1428 4489 cum
1440 4438 1467 4490 vi

199 4529 251 4566 non
270 4514 355 4564 minus
372 4511 485 4563 solemni
504 4517 530 4561 et
547 4510 601 4562 lere
621 4509 748 4563 techniea.

266 4584 291 4632 2.
310 4581 360 4631 Gir.
379 4579 424 4640 Ν,
443 4581 489 4632 25:
515 4576 581 4632 ὅταν
599 4573 668 4648 ἔλθῃ
687 4570 822 4648 Χριστός,
840 4572 992 4646 ἀναγγελεῖ
1005 4571 1073 4648 ἡμῖν
1092 4571 1191 4628 πάντα.
1216 4576 1285 4636 xvi,
1304 4578 1344 4630 tl.
1365 4577 1404 4629 13.
1424 4577 1464 4630 25.

199 4652 393 4722 μαρτυρεῖν
409 4647 525 4710 leniti,
537 4650 566 4702 ll
588 4644 613 4709 (ὃ
630 4641 803 4718 ἑλαρύκαμεν)
824 4647 870 4697 clr.
888 4647 929 4699 32.
952 4645 1023 4708 lilii,
1038 4648 1079 4700 35.
1097 4646 1171 4713 lEp.
1183 4646 1207 4708 l,
1221 4649 1246 4700 2.
1270 4644 1311 4706 lV,
1324 4648 1366 4698 ll.
1385 4636 1467 4715 ἔμαρ-

198 4713 317 4790 τύρησεν
333 4710 461 4786 Ἰωάννης
476 4713 566 4786 λέγων
584 4717 630 4772 liv.
643 4714 666 4779 l,
678 4718 710 4770 ³2
730 4716 776 4770 clr.
795 4715 907 4777 lllll,'2l
927 4715 1004 4767 simil.

1248 4818 1264 4868 3
