3516 5360
706 344 945 414 ommium.
999 319 1004 328 '
1248 325 1249 332 ‘
1297 369 1301 376 ,
1424 341 1463 406 m

150 553 157 566 s
186 513 249 581 tas,
273 510 361 570 alteri
384 509 422 571 de
440 503 590 589 evangelli
607 511 849 591 praedicatione,
869 511 957 571 alteri
974 511 1011 573 de
1028 511 1119 588 legali
1135 516 1215 589 quae
1231 506 1343 572 orclem
1356 511 1406 572 rel
1418 513 1468 590 jn·

187 594 287 656 dlclali
309 598 489 673 cogitantes.
524 598 618 676 Cujus
641 600 703 660 litis
726 603 830 660 certos
853 603 924 658 ante
945 599 1046 658 omnia
1068 600 1291 659 constituamus
1307 598 1403 668 mnes,
1425 616 1468 660 ne

162 685 354 764 ⁸insequens
378 683 464 743 locus
487 685 533 757 IV,
551 685 580 747 6.
605 684 641 744 ad
666 701 756 762 quem
779 701 948 761 provocare
979 683 1081 745 solent
1107 685 1229 761 priores
1252 683 1294 746 illi
1316 686 1465 762 interpre·
1500 706 1507 724 ·

140 775 144 800 ¹
185 766 279 828 tando
300 771 331 828 ei
354 768 391 829 de
414 786 475 845 quo
498 772 704 848 nnnc‘agitur
726 772 946 841 immisceatur,
971 787 988 830 a
1009 787 1071 847 quo
1094 787 1164 830 eum
1183 769 1314 832 alienum
1332 785 1404 831 esse
1421 771 1466 830 in-

184 854 231 913 ira
254 851 524 916 demonstrabitur.
560 857 698 918 Priorem
720 858 815 932 igitur
831 856 932 916 locum
946 873 1003 934 per
1019 869 1053 917 ae
1070 855 1301 916 consideremus
1325 857 1356 916 in
1369 856 1465 918 'rerba

185 945 399 1018 argumentum
422 957 533 1002 nexum
556 941 689 1019 denique
711 944 915 1020 inquirentes.

269 1025 327 1100 Qut
350 1031 490 1087 statuunt
511 1027 549 1090 de
572 1027 730 1104 evangelio
754 1027 834 1105 apud
855 1029 974 1088 inferos
992 1027 1169 1104 praedicato
1189 1043 1364 1088 sermonem
1383 1043 1463 1099 ease,

184 1112 280 1173 verbo
302 1106 467 1188 κηρύσσειν
489 1118 619 1175 utuntur
640 1119 785 1193 tanquam
807 1114 984 1174 firmissimo
1008 1114 1180 1176 sententiae
1203 1127 1278 1174 auae
1300 1113 1463 1191 praesidio.

183 1196 342 1276 Peoprlam
372 1200 455 1277 ajunt
483 1199 573 1278 hujus
601 1199 688 1261 verbi
715 1214 910 1278 pernoram
937 1203 1158 1260 testamentum
1188 1201 1248 1260 rim
1276 1199 1354 1260 hanc
1377 1215 1464 1262 csse:

184 1282 406 1361 praedicare
430 1285 696 1363 euangelium.l
735 1286 818 1362 Quae
841 1285 878 1345 ab
902 1285 997 1347 altera
1018 1290 1105 1362 parte
1124 1289 1334 1366 opponuntur,
1358 1301 1466 1362 parum

184 1369 377 1432 considerate
400 1371 501 1432 solent
523 1370 708 1450 ύίερυιεοί.2

267 1453 387 1533 Operae
409 1458 543 1535 pretium
567 1464 631 1529 est,
655 1458 742 1519 verbi
765 1451 929 1536 κηρύσσειν
952 1463 987 1518 et
1001 1471 1195 1518 communem
1213 1473 1303 1518 usum
1325 1455 1465 1520 couside-

183 1541 253 1603 rare
276 1546 307 1602 et
330 1543 361 1602 in
385 1543 572 1619 singularem
596 1545 663 1621 ejus
687 1547 717 1604 in
733 1545 789 1606 lio.
804 1544 857 1603 To.
875 1548 1062 1621 potestatem
1079 1544 1121 1602 ita
1139 1543 1313 1618 inquirere,
1335 1549 1369 1603 ut
1386 1560 1465 1620 quae
1535 1611 1539 1619 f

182 1629 260 1688 ratio
283 1630 368 1688 inter
388 1633 554 1707 utrumque
577 1631 749 1691 intercedat
771 1635 931 1707 appareat,
955 1645 1016 1690 neu
1033 1625 1181 1706 quidquid
1198 1646 1216 1688 a
1233 1641 1307 1690 vera
1324 1630 1392 1706 ejus
1408 1645 1463 1690 no·

183 1714 265 1774 tlone
289 1713 420 1774 alienum
443 1718 507 1786 est,
532 1716 641 1776 damno
667 1733 759 1778 sanae
780 1715 1046 1792 interpretationis
1068 1713 1283 1776 admisceatur.
1316 1715 1356 1776 lit
1372 1715 1465 1778 babet

183 1798 305 1877 quidem
329 1800 388 1860 boe
411 1799 539 1861 verbum
563 1802 715 1880 duplicem
731 1804 793 1864 vim
812 1819 852 1861 ex
869 1801 1016 1871 neminie,
1039 1799 1120 1860 unde
1135 1798 1306 1860 derivatum
1323 1805 1386 1872 est,
1410 1819 1464 1862 no·

180 1886 263 1946 tione
291 1885 373 1946 ultro
402 1891 609 1962 emanantem
636 1894 686 1948 est
713 1889 794 1950 enim
822 1891 874 1946 aut
902 1903 1016 1963 agere
1046 1889 1140 1963 quae
1169 1891 1257 1946 sunt
1285 1883 1471 1966 κη’ροκος,

180 1974 401 2050 praeconis,
430 1977 483 2035 aet
509 1971 553 2033 ad
577 1973 724 2034 modum
747 1973 969 2052 praeconis,
998 1972 1068 2033 hinc
1091 1971 1166 2032 alta
1190 1971 1463 2050 vocexpublice

180 2058 479 2135 pronuntiare.³
512 2059 595 2121 lianc
617 2061 802 2122 sententiam
823 2057 870 2119 Ni.
895 2074 1019 2136 quoque
1035 2057 1080 2118 Τί.
1107 2059 1276 2134 scriptores
1298 2057 1461 2136 aliquanda

180 2145 250 2204 roei
273 2143 424 2220 subjicere
446 2143 625 2209 ridentur*
669 2145 728 2206 Sed
757 2145 849 2220 longe
877 2143 1015 2206 crebrior
1043 2149 1091 2206 est
1119 2143 1303 2221 significatio
1332 2147 1379 2206 rel
1406 2162 1463 2223 per

180 2245 365 2306 praeconem
387 2229 599 2304 tierisolitae,
623 2230 835 2302 nuntiandi,
859 2229 1136 2308 proclamandi,
1160 2229 1359 2308 quiquidem
1382 2248 1459 2292 usus

178 2317 221 2375 ita
244 2315 364 2376 obtinet
385 2332 441 2392 per
464 2319 599 2377 omnium
616 2335 769 2396 generum
793 2321 824 2378 et
847 2321 980 2377 aetatum
1002 2318 1172 2392 scriptores
1190 2332 1335 2392 graecos,
1360 2322 1394 2378 ut
1412 2317 1462 2378 rel

180 2402 211 2461 in
234 2402 273 2461 iia
295 2401 388 2473 locis,
413 2401 465 2463 uhi
487 2405 621 2466 nostrati
640 2419 782 2464 sermone
806 2401 941 2463 relaxata
966 2403 1222 2478 interpretatione
1246 2407 1369 2462 vertere
1391 2420 1463 2481 pos-

180 2487 224 2547 sis
246 2487 401 2566 vulgare
424 2488 472 2548 vel
501 2489 643 2567 eloqui,
673 2496 776 2550 tamen
807 2506 845 2548 ex
874 2494 976 2548 mente
1006 2489 1167 2563 scriptoris
1198 2486 1366 2548 adhaereat
1393 2490 1461 2550 voci

180 2573 389 2645 solennitatis,
420 2575 628 2646 auctoritatis,
660 2575 820 2651 gravitatis
848 2571 966 2634 notio⁶
1010 2572 1172 2650 Nunquam
1205 2591 1230 2633 e.
1256 2589 1281 2633 c.
1310 2575 1463 2636 invenitur

181 2725 383 2736 ——m-—an—

247 2812 271 2860 1.
291 2807 328 2860 De
342 2809 442 2862 Wette:
460 2803 615 2880 κηρύσσειν
632 2811 703 2864 loun
714 2811 782 2862 rocla
798 2811 854 2862 dem
864 2812 1073 2864 neutestomeall.
1086 2811 1332 2879 Spraclrpedrauclre
1350 2813 1461 2878 (Marri.

182 2875 227 2934 W.
238 2877 288 2942 17)
307 2895 359 2928 ουν
373 2879 601 2946 ρὶεύεΙιύιιΙεκιεκιΙ
616 2882 662 2942 mit
680 2873 872 2948 εύαγγελὶζειν
887 2897 1036 2944 ,ροκοοιοιεκ
1052 2882 1155 2933 werden
1172 2907 1213 2929 -.
1243 2879 1393 2936 Brfickner:
1416 2883 1462 2935 Ge·

178 2947 244 2998 rode
260 2947 311 3006 do,
330 2965 368 2998 ιοο
387 2947 435 2997 dor
461 2947 531 2998 ll'ort
548 2951 596 2998 anie
614 2949 671 2999 br'er
689 2949 789 3000 adsolet
807 2966 856 2999 οοο
874 2948 978 3000 cereso
995 2950 1139 3028 qedrooclrt
1155 2951 1190 3000 iat
1209 2949 1291 3013 (Mrc.
1302 2954 1330 3011 1,
1341 2952 1407 3016 38),
1428 2956 1462 3005 iet

178 3031 205 3067 er
217 3009 416 3134 adayyaitcarrl.
452 3013 564 3067 Hutber:
585 3015 847 3081 „lleilsborsclrast“.
885 3016 930 3069 cfr.
951 3014 1055 3083 Sterper
1074 3032 1099 3083 p.
1116 3019 1174 3071 357.
1199 3015 1303 3070 Gueder
1318 3020 1334 3071 l.
1350 3020 1368 3072 l.
1393 3019 1463 3072 Wie-

177 3085 267 3151 dieser
284 3099 309 3150 p.
322 3086 370 3137 241
391 3099 423 3136 a.
975 3107 977 3112 ·

243 3171 269 3223 2.
290 3168 341 3221 Gir.
360 3167 489 3222 Pistorlus
508 3169 524 3220 l.
536 3170 553 3222 l.
573 3186 599 3237 p.
610 3173 641 3224 li
658 3185 711 3237 eq.:
731 3170 813 3233 „Dua
836 3171 909 3222 Worr
921 3164 1077 3240 ¹appr'raeao‘
1095 3173 1175 3224 beista
1193 3173 1259 3224 tloas
1276 3173 1460 3242 vacillantium,

177 3237 309 3306 offmtliclr
326 3239 397 3291 lond
412 3239 550 3292 macten.“
585 3239 689 3292 Flauius
709 3238 812 3302 (Clanis
830 3253 887 3290 av.
908 3239 1043 3300 infernus)
1063 3240 1192 3293 sincerius
1212 3238 1364 3294 confitetur:
1388 3258 1461 3311 „ego

176 3320 239 3359 sane
256 3307 357 3374 opinor,
373 3305 481 3359 verbum
495 3305 665 3426 praedicandi
681 3299 813 3380 ἐκήρυξεν
824 3307 860 3358 ibi
877 3307 947 3372 (loco
963 3309 1064 3372 nostro)
1078 3323 1128 3359 non
1146 3309 1329 3377 propriissime
1349 3311 1460 3380 accipi.“

175 3373 270 3428 llelius
289 3373 450 3442 Enpelhardt
467 3375 483 3426 1.
506 3415 511 3424 .

243 3461 267 3514 3.
287 3459 343 3512 lluc
363 3460 492 3513 referendi
511 3460 632 3515 ridentur
648 3467 785 3530 poetarum
804 3461 870 3523 loci,
885 3463 912 3514 in
928 3462 1024 3530 quibua
1043 3461 1237 3524 invocandi,
1255 3464 1460 3532 implorandi

176 3529 228 3580 rim
254 3529 333 3582 babet
350 3531 459 3582 verbum
478 3536 604 3582 nostrum.
634 3531 671 3582 lta
689 3531 814 3599 Aeschyl.
829 3527 977 3599 Gboepbor.
994 3534 1012 3584 4
1029 3529 1076 3582 cir.
1094 3531 1228 3598 Aristoph.
1246 3531 1309 3587 Rau.
1329 3536 1359 3586 2:
1378 3529 1460 3606 ,,τύμ·

171 3595 262 3680 βαρύ
292 3611 328 3680 ιη
364 3597 540 3672 epipedis
562 3593 722 3670 κηρύσσω
745 3599 830 3670 πατρὶ
853 3594 960 3662 κλύειν,
985 3595 1129 3652 ἀκούσειέ*
1165 3601 1255 3670 Eurip.
1275 3600 1373 3670 llecub.
1395 3607 1462 3658 148:

175 3671 277 3730 ,θεούς
292 3671 440 3736 κηρυσσε.“
1376 3691 1378 3699 ·

242 3755 269 3806 4.
286 3751 361 3804 lilith.
372 3751 407 3811 x,
426 3754 468 3808 24.
486 3752 547 3808 Luc.
559 3753 619 3822 lili,
634 3753 662 3806 3:
681 3748 697 3804 ‘a'
715 3744 784 3821 πρὸς
803 3747 834 3804 τὸ
856 3738 903 3810 ούς
920 3744 1071 3820 ἐλαλήσατε
1089 3744 1121 3804 ἐν
1133 3755 1192 3812 τοϊς
1208 3755 1360 3826 ταμιείοις,
1378 3771 1457 3827 κηρυ-

176 3811 315 3893 χθήσεται
333 3811 380 3871 ἐπὶ
398 3819 454 3872 τῶν
473 3815 621 3891 δωμάτων,
640 3821 685 3873 ubi
705 3820 800 3873 clarius
819 3823 897 3873 etiam
918 3836 994 3892 quam
1014 3823 1082 3890 apud
1100 3821 1258 3875 Matthaeum
1277 3839 1292 3877 o
1313 3833 1460 3892 ponuntur:

176 3882 293 3970 rrpdcsd
311 3875 489 4008 ούρλλαλῆσαι
514 3897 540 3941 et
556 3889 741 3960 κηρυχθῆναι.
779 3889 829 3942 Gir.
852 3888 1019 3958 Apoc.V,2:
1043 3885 1165 3960 ἄγγελον
1181 3921 1214 3930 -
1232 3907 1266 3961 κη
1303 3908 1407 3949 coorta
1428 3889 1460 3947 ἐν

174 3971 257 4028 Wd
275 3973 332 4028 Μ’
367 3971 391 4028 a·

245 4045 269 4096 5.
288 4041 364 4110 Apud
382 4041 558 4095 Herodianum
576 4044 617 4107 (l,
633 4046 700 4107 7,1)
719 4044 765 4110 qui
783 4041 903 4095 laudatur
917 4051 1009 4097 auctor
1027 4044 1157 4096 relaxatae
1179 4046 1381 4112 significationis
1399 4049 1459 4113 „di-

175 4109 321 4178 vulgandi“
342 4111 431 4168 (Thes.
453 4111 542 4179 Stepb.
563 4128 583 4166 s.
599 4115 635 4177 v.)
656 4111 788 4164 antecedit
805 4110 910 4180 quidem
929 4113 1012 4164 famae
1031 4114 1117 4173 notio,
1136 4112 1183 4166 sed
1197 4115 1227 4166 iu
1247 4116 1307 4168 loco
1327 4118 1385 4185 ipso
1405 4136 1458 4172 ma·

175 4187 220 4232 net
238 4181 368 4233 vocabulo
392 4195 439 4234 sua
463 4180 635 4247 significatio:
659 4174 757 4249 ἐπειδὴ
776 4177 807 4233 δὲ
826 4179 922 4250 ύιεφοί
956 4198 1006 4234 aar
1030 4177 1046 4250 η
1091 4177 1145 4253 ripn
1161 4179 1309 4252 oppetat
1327 4201 1358 4238 τε
1374 4171 1459 4256 ἧκον

172 4242 407 4318 κηρύσσοντες
426 4242 487 4317 τὴν
505 4249 564 4302 τού
582 4248 752 4318 βασιλέως
776 4243 911 4320 ἄφιξιν,
971 4267 985 4306 e
1009 4198 1089 4318 apud
1100 4256 1193 4319 poetas
1216 4253 1321 4320 quidem
1346 4271 1457 4324 quorum

173 4318 246 4372 utin
264 4315 404 4385 grandiore
423 4319 541 4372 oratione
562 4320 669 4372 liberior
691 4333 754 4372 usus
773 4328 827 4380 eet,
848 4320 969 4374 invenias
988 4321 1063 4374 locos
1085 4321 1112 4372 in
1131 4321 1226 4386 quibus
1243 4318 1395 4394 κηρύσσειν
1411 4342 1457 4393 po·

173 4385 252 4439 eitum
270 4387 305 4439 sit
322 4387 391 4440 nulla
412 4388 535 4455 propriae
559 4389 632 4441 verbi
651 4388 790 4456 potestatis
811 4387 899 4440 habita
919 4389 1027 4442 ratione.
1065 4388 1101 4442 lta
1119 4387 1200 4456 Sopb.
1220 4385 1258 4444 m.
1278 4395 1340 4446 606:
1358 4387 1457 4464 κήρυσ-

174 4451 208 4506 σέ
222 4449 257 4524 μ’
276 4451 316 4511 εἰς
334 4453 472 4518 ἅπαντας,
493 4457 538 4510 ubi
556 4457 672 4524 loquitur
693 4458 818 4524 regina.
853 4456 929 4524 Apud
949 4456 1098 4526 Euripidem
1119 4457 1182 4512 Tro(
1196 4461 1259 4514 223:
1278 4455 1392 4523 ,ἀκούω
1412 4479 1458 4532 κη·

192 4516 330 4603 durarem
351 4518 502 4595 στεφάνοις
524 4521 637 4596 ἀρετᾶς,
657 4534 683 4579 et
697 4526 777 4584 Andr.
792 4527 855 4580 ild:
871 4524 1087 4598 κηρυσσομένων
1102 4525 1194 4591 (iliud.
1215 4527 1457 4600 κηρυσσομένοισι)

220 4585 268 4642 ἀπ’
291 4591 401 4646 saeida
418 4588 554 4665 δωμύρωο
571 4589 638 4666 τιμὰ
654 4594 702 4648 καὶ
719 4593 798 4651 κλέος
816 4593 868 4660 (ed.
884 4595 972 4650 llerm.
991 4599 1051 4659 757)
1066 4601 1235 4650 enervaretur
1254 4598 1295 4650 ria
1314 4598 1457 4654 locutionis

172 4660 196 4713 al
215 4658 248 4714 de
266 4660 300 4712 iia
319 4661 482 4729 acciperetur
500 4679 567 4730 quoa
585 4679 673 4718 rumor
691 4665 795 4724 extulit;
816 4664 903 4730 imago
924 4665 1014 4731 potius
1032 4669 1117 4716 sumta
1135 4673 1176 4718 est
1195 4665 1227 4717 ab
1247 4666 1280 4718 iis
1298 4667 1343 4734 qui
1362 4668 1388 4719 in
1407 4685 1455 4736 pu·

172 4727 249 4781 blicis
267 4727 336 4781 ludis
354 4733 492 4795 praeconia
507 4747 573 4785 voce
588 4734 702 4785 victimer
717 4731 946 4806 proclamabantur
966 4732 1028 4798 (Gir.
1043 4731 1108 4785 lien.
1129 4731 1187 4802 Gyr.
1207 4733 1281 4796 vul,
1301 4739 1333 4810 ⁴,
1347 4740 1384 4802 4),
1414 4737 1452 4794 lta
