3516 5360
256 434 294 496 12
734 504 737 510 Ι
765 435 873 490 lParn.
892 433 943 504 lli,
964 436 1010 494 14.

252 601 449 664 concentus.¹
498 595 651 680 Μακάριοι
676 595 705 666 qi
733 597 927 679 δεδιωγμένοι
950 599 1046 660 ἕνεκεν
1070 598 1281 680 δικαιοσύνης,
1308 600 1368 662 ὅτι
1399 601 1529 666 αὐτῶν

252 688 355 749 ἐστιν
375 684 397 767 ’ἦ
418 683 597 762 βασιλεία
615 687 688 745 τῶν
710 682 899 767 οὐρανῶν,
924 689 1058 747 omnium
1076 687 1217 765 profecto
1238 689 1482 751 Christianorum
1497 695 1528 752 in

253 793 307 836 ore
325 780 357 834 et
370 775 463 834 corde
482 778 570 833 erant
587 771 679 833 verba
697 773 960 849 praeclarissima,
974 775 1066 834 Petro
1086 779 1187 833 autem
1204 775 1348 836 hocloco
1369 793 1405 837 eo
1431 781 1527 855 magis

251 863 460 939 inpromptu,
485 875 546 936 quo
562 860 675 919 arctius
693 859 897 919 cohaererent
920 878 988 920 enm
1011 861 1070 920 illis
1087 877 1219 937 quorum
1235 864 1414 923 memoriam
1425 857 1528 924 ¹uersu

251 946 333 1009 ndno
363 945 564 1007 antecedente
593 946 788 1006 recoluisset.
839 945 925 1005 Istud
952 942 1099 1027 μακάριοι
1134 963 1203 1006 eum
1233 965 1381 1008 summam
1413 948 1528 1011 Christi
1602 1011 1604 1018 ,

249 1036 349 1111 ipsius
376 1033 616 1110 promissionem
643 1032 716 1092 nulli
743 1048 805 1092 non
835 1033 865 1090 in
896 1035 1074 1093 memoriam
1097 1040 1271 1106 revocaret,
1302 1052 1393 1111 quam
1417 1037 1545 1112 jejuna'

252 1121 364 1180 luisset
390 1137 425 1180 ac
453 1117 564 1196 frigida
586 1119 756 1178 consolatio
780 1117 962 1178 Christianis
993 1121 1024 1178 in
1052 1123 1099 1178 tot
1126 1123 1283 1198 tantisque
1313 1122 1527 1183 vexationibus

252 1207 429 1267 constitutis
453 1206 480 1266 si
500 1207 556 1264 hac
579 1209 745 1264 uerborum
768 1206 918 1280 grauitate
941 1204 982 1264 nil
1005 1207 1066 1266 nisi
1081 1205 1302 1266 beatitudinem
1320 1209 1527 1268 conscientiae

252 1297 329 1354 recti
350 1292 556 1370 praedicatam
579 1290 747 1354 audissent.
785 1291 844 1352 Sed
868 1299 1021 1368 repugnat
1042 1293 1108 1368 ipse
1133 1294 1225 1352 etiam
1247 1310 1344 1354 nexus
1360 1297 1528 1354 sententia-

252 1394 320 1439 rum
350 1381 410 1439 loci
440 1380 547 1438 nostri.
589 1378 622 1437 ln
647 1376 898 1438 antecedentibus
922 1383 1086 1454 postquam
1109 1379 1241 1438 lectores
1266 1379 1359 1439 divini
1380 1381 1526 1457 praesidii

143 1480 145 1494 ’
252 1467 403 1526 certiores
426 1466 499 1525 iacti
514 1464 551 1523 ab
575 1467 656 1524 omni
681 1463 783 1524 damni
805 1467 916 1525 timore
939 1464 1062 1524 liberati
1082 1471 1166 1536 sunt,
1189 1467 1384 1525 vexationum
1407 1469 1527 1544 perieu-

253 1552 313 1612 lum
338 1557 440 1612 tamen
464 1552 627 1611 imminens
649 1551 710 1611 illis
734 1550 930 1628 abapostolo
954 1553 1022 1627 ipso
1040 1568 1102 1610 non
1119 1554 1220 1629 potuit
1233 1556 1307 1612 ante
1327 1554 1433 1612 oculos
1452 1555 1526 1630 poni

253 1640 312 1698 nisi
335 1641 391 1710 ita,
422 1643 456 1700 ut
479 1655 547 1698 cum
571 1637 815 1697 Christianorum
838 1653 931 1714 spes
954 1638 992 1696 in
1014 1637 1090 1696 Deo
1113 1640 1301 1714 reposita,
1334 1656 1412 1715 quac
1435 1639 1526 1700 modo

254 1725 433 1784 confirmata
456 1728 553 1795 esset,
579 1741 641 1783 non
664 1712 912 1794 imminueretur,
936 1729 1000 1782 tum
1016 1723 1073 1782 Dei
1095 1741 1200 1783 rerum
1215 1723 1457 1785 Christianarum
1474 1743 1527 1802 gu·
1553 1745 1556 1750 ·

252 1810 393 1871 bernatio
418 1810 455 1870 ab
479 1813 563 1870 omni
585 1811 757 1888 iniquitatis
781 1814 884 1887 specie
909 1808 1125 1870 vindicaretur.
1162 1810 1296 1870 Proinde
1319 1813 1364 1871 sic
1385 1812 1540 1889 procedit·

252 1899 351 1956 oratio
374 1901 409 1956 ut
432 1897 581 1975 quaedam
603 1898 635 1956 in
657 1896 705 1956 his
729 1895 850 1957 duobus
874 1897 1016 1956 versibus
1033 1898 1196 1973 conspicua
1221 1900 1262 1956 sit
1277 1897 1444 1972 gradatio.²
1466 1901 1525 1958 hn-

250 1985 408 2061 teponitur
427 1990 571 2066 tanquam
586 1984 639 2059 jus
658 1981 811 2059 quoddam
826 1983 1068 2045 Christianorum
1088 1985 1246 2060 proprium
1266 1990 1297 2043 et
1315 1985 1522 2061 praecipuum,
1566 2038 1568 2043 .
1651 1962 1655 1980 ¹

251 2075 386 2130 sanctam
411 2072 550 2148 ipsorum
572 2073 665 2130 vitam
688 2069 763 2129 nulli
786 2071 908 2129 omnino
929 2068 1092 2129 obnoxiam
1110 2086 1181 2128 esse
1198 2069 1323 2142 damno,
1347 2088 1426 2146 quae
1450 2087 1524 2131 vero

249 2153 378 2234 propter
400 2156 479 2216 hanc
501 2159 600 2234 ipsam
623 2157 661 2215 iis
688 2160 835 2234 parentur
859 2158 1053 2227 uexationes,
1081 2161 1201 2215 tanturn
1228 2155 1339 2216 abesse
1368 2162 1403 2217 ut
1430 2155 1524 2217 bene:
1603 2189 1605 2194 ,

249 2244 352 2302 licium
371 2241 444 2304 illud
467 2242 602 2305 divinum
625 2243 745 2304 irritum
768 2242 912 2314 reddant,
937 2246 971 2301 ut
993 2243 1060 2318 spei
1083 2242 1177 2301 multo
1202 2241 1293 2301 etiam
1315 2243 1441 2319 maJoris
1458 2259 1524 2303 cer-

194 2402 200 2413 *
249 2330 346 2390 tiores
371 2328 462 2390 etad
490 2327 717 2407 adipiscendam
747 2329 828 2389 illam
857 2325 996 2406 εὐλογίαν
1026 2330 1123 2404 magis
1152 2333 1278 2405 paratos
1301 2330 1414 2388 iaciant
1437 2329 1546 2390 Ghrl-·

249 2417 377 2477 stiauos.
422 2413 467 2475 Ad
491 2415 569 2476 hanc
592 2417 672 2475 enim
692 2414 869 2492 ablegamur
895 2407 992 2476 verbo
1018 2411 1177 2494 μακάριοι,
1209 2414 1291 2491 quod
1319 2417 1420 2492 ipsum
1449 2415 1523 2476 nihil

247 2501 329 2562 aliud
352 2507 401 2562 est
422 2504 483 2562 nisi
504 2520 563 2563 vor
586 2500 735 2578 quaedam
758 2497 905 2580 εὐλογίας,
936 2500 1123 2578 hblegamur
1141 2500 1178 2558 ad
1195 2501 1276 2560 illam
1295 2517 1386 2578 quam
1404 2504 1436 2561 in
1451 2518 1522 2579 pro-

246 2585 317 2664 logo
340 2588 497 2666 pracdicat
519 2589 678 2666 apostolus
701 2587 902 2649 hereditatem
929 2589 959 2655 in
983 2586 1069 2647 coelo
1092 2589 1262 2663 repositam
1286 2588 1328 2666 (l,
1351 2587 1405 2664 4),
1431 2606 1522 2666 quam

247 2676 300 2751 qui
328 2675 515 2752 adipiscatur
544 2674 654 2750 dignus
681 2691 743 2741 uon
771 2679 947 2751 praestetur
975 2675 1035 2734 nisi
1069 2673 1292 2734 calamitatibus
1322 2673 1359 2732 ad
1386 2675 1443 2734 Dei
1469 2691 1522 2735 vo·

245 2761 394 2821 luntatem
416 2761 625 2838 perpetiendis
656 2761 704 2837 (6.
730 2761 775 2836 7).
827 2760 912 2834 Quod
942 2758 1037 2831 idem,
1066 2769 1105 2819 n'e
1133 2759 1298 2837 quidquam
1325 2762 1520 2837 relinquatur

245 2845 461 2920 dubitationis,
489 2847 568 2908 inira
591 2849 633 2907 ita
655 2844 818 2920 recolitur,
848 2851 882 2906 ut
905 2845 1064 2923 apostolus
1094 2845 1218 2913 disertis
1244 2846 1348 2907 verbis
1377 2847 1520 2924 gaudium

183 3005 184 3011 ἵ
244 2935 420 3010 praeclarae
434 2934 679 3011 dhristianorum
697 2935 792 2994 sortis
809 2935 947 3012 proxime
963 2933 1085 2992 futurae
1102 2934 1170 3010 ipso
1187 2934 1283 2992 verbo
1301 2929 1455 3013 μακάριος
1471 2951 1520 2993 re-

244 3022 341 3096 petito
365 3022 397 3080 in
419 3020 586 3081 lectoribus
609 3021 742 3080 excitare
766 3018 890 3080 studeat
913 3019 984 3096 (IV,
1012 3019 1059 3081 13.
1087 3021 1151 3094 14).

329 3105 416 3168 Νοοο
433 3107 508 3167 nihil
526 3108 655 3185 amplius
681 3105 922 3167 demonstratum
948 3105 1097 3166 uoluerihr
1120 3106 1179 3164 nisi
1201 3104 1272 3176 hoc,
1293 3105 1430 3167 lectores
1448 3111 1519 3167 ante
1594 3134 1600 3146 =

244 3195 326 3252 omni
345 3193 435 3254 modo
460 3193 646 3264 admonitos,
668 3201 702 3252 ut
723 3195 894 3270 patienter,
917 3191 992 3250 nulli
1010 3191 1116 3267 culpae
1142 3189 1285 3267 nullique,
1298 3194 1519 3269 repugnantiae

242 3277 366 3340 obnoxii
390 3280 637 3340 adversariorum
653 3281 831 3340 vexationes
848 3278 886 3338 ad
903 3278 1016 3338 Christi
1033 3277 1203 3352 exemplum
1222 3279 1410 3354 perferrent,
1432 3278 1519 3338 inde
1577 3279 1578 3286 ’

242 3365 286 3424 ab
314 3365 375 3425 his
404 3365 585 3427 versibus
616 3368 718 3443 erigi
746 3373 820 3426 tam
843 3364 888 3423 ad
909 3365 1121 3442 praemium
1150 3362 1229 3422 illis
1259 3369 1413 3439 praeter
1436 3381 1518 3424 cac*

241 3456 346 3512 teros
369 3454 612 3530 propositum
631 3453 739 3532 (9.14)
758 3467 864 3528 quam
883 3451 924 3509 ad
944 3448 1123 3509 auxilium
1145 3449 1426 3527 vindictamque
1444 3452 1517 3527 Jam

240 3541 411 3615 paratam
435 3538 586 3618 (1213).
653 3617 654 3622 ¹
1481 3553 1483 3562 ’

327 3625 381 3685 Via
410 3628 455 3686 sic
482 3627 597 3685 munita
621 3621 835 3702 aggrediamur
862 3623 1007 3700 proprius
1031 3620 1067 3680 ad
1098 3621 1213 3693 locum,
1244 3623 1275 3681 in
1304 3640 1365 3699 quo
1394 3629 1518 3701 praeter

241 3714 383 3772 caeteros
407 3713 548 3790 quaestio
571 3717 678 3771 nostra
701 3716 853 3770 versatur.
898 3712 978 3769 Ante
1001 3723 1076 3768 vero
1100 3725 1190 3784 quam
1213 3706 1251 3766 de
1276 3725 1368 3769 uersu
1398 3709 1516 3770 de'cirno

242 3800 373 3874 septimo
403 3798 473 3859 hnic
501 3799 676 3859 arctissime
699 3797 863 3871 conjuncto
887 3797 1020 3874 agimuS,
1051 3795 1158 3871 paucis
1181 3792 1218 3854 de
1244 3795 1289 3875 iis¹
1305 3813 1384 3873 quae
1405 3795 1475 3856 inde
1499 3813 1515 3854 a

243 3883 360 3944 decimo
383 3889 493 3962 quarto
517 3883 617 3952 medio
642 3887 815 3960 sequuntur
832 3882 1052 3943 absolvamus·
1068 3881 1250 3957 Anteposita
1274 3898 1345 3942 esse
1368 3882 1443 3942 haec
1465 3884 1515 3954 ita,

241 3975 275 4029 ut
301 3969 416 4031 diserta
448 3973 533 4031 vocis
562 3965 708 4050 μακάριοι
741 3968 902 4046 explicatio
937 3967 1113 4033 differretur
1146 3969 1236 4043 eique
1273 3973 1516 4045 anteponeretur

241 4055 323 4134 quod
347 4064 484 4128 caveret,
507 4073 546 4116 ne
575 4058 666 4116 istius
688 4054 842 4116 felicitatis
872 4072 927 4132 spe
946 4054 1123 4114 »etiamnum
1151 4053 1327 4114 exciderent
1351 4052 1516 4114 Christiani

239 4160 318 4204 neve
340 4143 515 4222 polluerent
537 4147 622 4203 certe
644 4159 711 4202 rem
734 4145 835 4214 s‘uam,
860 4143 910 4203 vix
931 4141 1092 4218 quisquam
1115 4147 1166 4199 eat
1187 4139 1314 4212 infitias,
1330 4155 1514 4218 quamquam

240 4231 428 4307 interpretes
450 4231 517 4289 fere
539 4233 649 4290 omnes
669 4228 747 4288 hanc
770 4245 892 4306 quoque
916 4227 954 4286 de
977 4231 1122 4286 contextu
1146 4228 1358 4302 quaestionem
1381 4226 1514 4306 relique-¹

239 4321 313 4376 runt
335 4317 488 4377 intactam.
524 4315 678 4376 Particula
701 4313 736 4374 δέ
756 4319 804 4375 ter
827 4317 959 4393 repetita
982 4315 1013 4372 in
1036 4314 1185 4391 principio
1209 4313 1399 4388 singulorum
1422 4330 1514 4374 mem·

229 4398 366 4462 brorum
392 4401 452 4462 hoc
483 4404 560 4464 satis
583 4401 786 4480 comprobare
811 4401 967 4483 videtqr.³
1010 4401 1079 4461 dam
1103 4414 1181 4476 quae
1203 4402 1347 4460 continuo
1372 4399 1432 4460 hoc
1453 4419 1514 4476 peu-

241 4495 333 4504 -—--—
338 4497 425 4506 -0--0—
429 4500 436 4504 ..

307 4525 330 4573 1.
350 4520 511 4587 Wiesinger:
530 4523 587 4583 „die
600 4523 678 4574 Stelle
696 4523 730 4570 ist
748 4524 790 4572 ein
808 4521 1007 4587 Naeblrlanp
1025 4537 1075 4570 non
1092 4519 1183 4570 Mollis.
1201 4517 1228 4578 V,
1240 4518 1304 4568 102⁶
1331 4517 1408 4584 Fugit
1425 4524 1512 4571 tamen

237 4589 322 4641 virum
341 4589 459 4652 doctum,
483 4590 545 4657 quid
568 4591 618 4643 hoc
643 4590 675 4642 ad
693 4606 717 4642 v.
730 4593 760 4642 17
778 4595 851 4642 recte
874 4585 1075 4655 intelligendum
1099 4586 1190 4648 iaciat,
1212 4585 1258 4637 ubi
1281 4587 1414 4655 κρεῖσσον
1432 4606 1513 4652 „vom
1569 4583 1572 4601 ¹

236 4661 335 4712 rittlr'ch
353 4660 563 4728 Zutritplichen“
582 4661 702 4728 explicat.
943 4659 945 4666 ’
1411 4695 1418 4706 ι

244 4781 246 4786 .
305 4729 330 4782 2.
351 4727 468 4796 Bengel':
491 4729 551 4792 „Ne
569 4730 620 4781 hoc
639 4723 745 4796 quidem
763 4727 842 4779 vitam
867 4728 969 4779 beatam
986 4726 1062 4778 vobis
1087 4722 1185 4784 aufert,
1209 4724 1261 4775 imo
1281 4727 1389 4789 auget.“
1425 4721 1520 4779 dress„

236 4797 337 4851 interl:
356 4797 435 4862 „Non
453 4799 539 4852 solum
558 4815 610 4850 non
629 4801 720 4858 nocet,
738 4796 809 4864 quod
827 4811 841 4847 a
860 4795 936 4848 malis
955 4796 1100 4862 irrogatur,
1118 4792 1165 4845 sed
1184 4794 1261 4844 etiam
1279 4791 1412 4859 prodest.“

304 4871 329 4924 3.
355 4869 472 4922 Tertium
491 4871 569 4922 etiam
589 4865 622 4920 dd
645 4883 703 4920 cum
721 4863 920 4918 Tischendorfio
944 4863 1086 4932 legendum
1110 4867 1160 4916 est.
1184 4863 1230 4928 (A.
1248 4861 1278 4916 B.
1297 4860 1326 4914 G.
1345 4863 1363 4918 l.
1385 4860 1463 4916 Godd.
1485 4867 1512 4916 et

142 4930 148 4941 ’
235 4939 378 5008 pleraeque
396 4940 534 4996 versiones
551 4937 669 5002 habent.)
707 4935 756 4990 tn.
775 4935 924 5001 Wiesiuger
942 4932 975 4986 ad
993 4935 1018 4986 h.
1032 4933 1049 4985 l.
