3516 5360
719 467 730 520 l
747 467 826 523 Ριιιι.
845 463 1015 536 1,,1-18,
1328 472 1338 492 ι
1486 452 1510 524 5·
1551 489 1554 498 .

223 629 395 706 respiciens
414 626 486 704 (cfr.
507 631 573 690 Act.
590 627 642 703 Ill,
665 633 712 694 18.
733 633 781 692 21.
810 631 881 692 Luc.
899 631 1000 702 XXIV,
1020 633 1098 707 26.)
1146 632 1192 691 Uti
1219 635 1328 691 auctor
1354 632 1507 709 epistolae*
1604 662 1608 672 =

172 781 179 791 ,
224 714 261 772 ad
284 713 441 774 liebraeos
462 717 593 776 maxime
625 733 688 794 cap.
712 717 765 790 lll,
797 719 837 777 ita
865 718 923 777 hoc
952 718 1018 777 loco
1041 716 1153 777 Petrus
1177 717 1289 779 Christi
1319 719 1417 794 ipsius
1440 717 1506 778 elil·

224 801 346 859 caritati
374 803 405 860 ιιι
434 803 548 862 veteris
572 804 634 879 jam
666 809 713 862 tes
715 806 842 864 tumenti
870 803 1061 880 tenporibus
1083 803 1189 880 plust
1176 803 1285 864 tribuit
1313 803 1449 881 fideique
1473 805 1505 864 in

111 882 113 892 '
223 901 293 945 eum
316 887 453 962 vestigia
470 887 557 963 plura
582 889 677 962 videt,
704 907 794 990 qnam
818 905 876 950 nos
899 906 980 949 nunc
1003 889 1147 949 solemus.
1199 891 1293 966 Atqui
1323 889 1394 951 inde
1424 887 1505 950 aliud

223 975 330 1050 aperte
356 971 393 1032 de
416 974 640 1035 incredulitatis
664 977 749 1051 culpa
783 977 815 1036 in
839 981 889 1036 vet
891 993 944 1036 ere
971 979 1157 1036 testamento
1184 977 1322 1036 nascitur
1346 975 1505 1053 judicium.

223 1056 353 1118 Omnino
378 1077 456 1136 qnae
480 1078 517 1119 ex
539 1062 690 1139 evangelii
713 1053 822 1122 natura
840 1062 992 1141 postulari
1009 1064 1135 1122 auctore
1152 1063 1245 1123 Petro
1263 1062 1416 1135 viden,tur
1434 1062 1505 1123 talia

223 1151 296 1204 sunt
313 1163 392 1222 quae
412 1146 584 1208 omnibnst
571 1148 764 1224 temporibus
788 1149 929 1210 similiter
951 1154 1058 1226 praest
1061 1152 1164 1221 entur,
1189 1149 1306 1210 scilicet
1329 1155 1363 1209 nt
1378 1153 1506 1254 propter

222 1229 319 1291 Deum
343 1249 493 1310 spemque
518 1233 610 1295 divini
632 1236 761 1312 praemii
784 1235 941 1296 hominum
964 1234 1093 1295 odiat
1062 1239 1093 1294 et
1116 1237 1323 1313 suscipiantur
1351 1241 1384 1296 et
1404 1225 1505 1312 perfe-

221 1322 336 1377 rant.ur
382 1318 531 1378 Conferas
549 1338 665 1398 quaeso
686 1321 776 1381 liebr.
801 1321 851 1394 lll,
875 1322 925 1384 26
950 1323 989 1384 27
1012 1326 1043 1381 ct
1060 1321 1138 1392 Xlll,
1166 1323 1211 1384 13
1234 1321 1412 1395 11Petr11
1431 1323 1448 1384 7
1474 1327 1506 1381 et

221 1404 248 1464 5.
271 1401 361 1464 llebr
375 1405 429 1477 Xl,
453 1407 528 1466 iet
515 1409 577 1468 te

306 1491 376 1552 Jam
399 1507 492 1551 versu
521 1492 755 1554 decimotertio
787 1497 896 1571 aposto
864 1493 946 1553 tolus
970 1492 1006 1552 ad
1029 1510 1097 1554 eam
1115 1495 1228 1553 transit
1251 1493 1504 1638 adhortationem,

221 1577 269 1636 cui
292 1571 458 1654 epistolat
446 1581 512 1637 tota
534 1582 673 1640 inservit
719 1581 782 1639 lloc
808 1585 909 1639 autem
937 1580 1026 1639 modo
1055 1571 1196 1656 procedit
1224 1581 1387 1653 orat,nio
1368 1585 1505 1656 ntspes

220 1661 270 1723 illa
294 1664 381 1723 lortit
368 1667 417 1723 ter
440 1670 472 1723 ct
494 1663 531 1723 ad
554 1666 647 1726 finem
670 1684 768 1743 usque
792 1665 953 1726 retinenda
982 1667 1114 1743 primum
1145 1665 1268 1743 quidem
1297 1661 1435 1727 obtineat
1461 1666 1506 1726 lo-

221 1766 291 1809 cum
314 1757 354 1828 (ι.
381 1751 429 1813 13.
454 1751 490 1810 cs.
514 1769 541 1812 v.
565 1753 596 1829 3)
621 1754 751 1829 ejusque
774 1753 889 1812 mentio
913 1752 993 1812 haud
1016 1769 1088 1812 raro
1106 1753 1183 1812 inira
1201 1752 1356 1812 recolatur
1374 1755 1435 1827 (21.
1454 1752 1503 1824 ΙΠ,

220 1835 248 1896 9.
266 1837 328 1912 15);
352 1837 447 1896 multo
466 1839 581 1914 maj0rc
601 1844 704 1898 autem
721 1857 758 1898 ex
774 1844 862 1914 parte
880 1833 961 1898 vitae
985 1838 1021 1896 ad
1041 1837 1155 1916 Christi
1179 1839 1351 1916 exemplum
1370 1837 1503 1900 divinae-

134 1947 142 1961 ·
221 1939 280 1998 que
304 1924 476 1983 sanctitatis
499 1941 638 1985 normam
661 1927 711 2001 pic
735 1930 881 2001 casteque
897 1923 1104 1986 instituendae
1126 1925 1350 1986 admonitiones
1367 1925 1504 2003 singulas

220 2009 372 2069 inservire
400 2009 571 2083 videamus,
597 2018 762 2088 postquam
791 2005 1110 2087 ipsius-salutationis
1139 2011 1234 2072 verba
1260 2011 1325 2087 jam
1352 2011 1503 2073 lectorum

218 2097 337 2155 animos
361 2113 397 2156 eo
422 2095 629 2157 direxeruntl.

303 2181 392 2256 Quod
416 2183 570 2259 quomodo
593 2202 660 2244 cum
685 2183 930 2244 Christianorum
952 2183 1072 2242 illorum
1096 2187 1178 2243 statu
1202 2183 1325 2260 fineque
1347 2184 1502 2261 ,epistolae

218 2283 336 2328 summo
360 2269 539 2343 cohaereat,
562 2272 670 2348 paucis
692 2272 872 2348 praemissis
896 2269 1102 2333 absolvamus,
1148 2269 1295 2341 Gentiles
1318 2272 1398 2330 inter
1421 2287 1500 2347 quos

115 2375 125 2394 s
217 2354 359 2414 vivebant
375 2355 562 2428 Christiani,
579 2359 610 2434 in
634 2374 671 2417 eo
694 2358 888 2433 potissimum
912 2355 1124 2428 offendebant,
1148 2354 1230 2432 quod
1253 2358 1360 2433 quiqui
1376 2355 1499 2417 Christo

215 2440 305 2501 fldem
341 2440 500 2504 dedissent
527 2451 559 2503 et
592 2444 698 2516 vitam,
728 2444 865 2504 solerent
892 2459 979 2503 suam
1007 2443 1086 2504 vitae
1109 2445 1259 2502 rationem
1287 2446 1499 2520 paternosque

215 2543 318 2588 mores
346 2546 478 2605 prorsus
507 2546 657 2608 respuere
686 2530 725 2609 (1,
750 2529 876 2605 18;1v,
901 2530 942 2605 4).
987 2529 1063 2588 llinc
1092 2527 1355 2590 calumniabantur
1383 2545 1437 2590 eos
1467 2533 1499 2590 et

213 2615 481 2691 persequebantur
506 2633 625 2676 summo
650 2633 719 2677 cum
742 2615 822 2678 odio.
867 2616 936 2675 Jam
963 2614 1146 2675 Christianis
1170 2614 1258 2674 facile
1283 2613 1422 2676 accidere
1443 2632 1500 2692 po·

214 2703 286 2773 tuit,
311 2718 373 2762 non
397 2701 495 2762 solum
518 2710 552 2763 ut
573 2699 622 2762 his
645 2703 738 2762 tantis
762 2701 1013 2762 afflictationibus
1037 2701 1178 2761 labefacti
1200 2701 1238 2760 ab
1256 2701 1306 2762 illa
1324 2703 1498 2762 sanctitatis

214 2789 261 2846 via
290 2794 416 2848 strenue
444 2789 660 2866 persequenda
689 2789 876 2866 aliquantum
905 2789 1109 2858 desisterent,
1134 2786 1188 2848 sed
1211 2786 1249 2847 de
1272 2788 1339 2848 Deo
1356 2789 1443 2864 justo
1467 2793 1499 2849 et

213 2887 312 2951 aequo
337 2891 440 2934 rerum
463 2875 664 2936 humanarum
682 2874 792 2951 judice,
807 2876 931 2936 omnino
950 2874 1167 2952 desperarent,
1191 2872 1228 2933 de
1246 2873 1369 2935 Christo
1387 2878 1498 2948 autem,

156 2994 158 3004 ·
213 2975 282 3020 cum
306 2960 497 3022 Christianos
522 2961 667 3022 deserere
692 2957 963 3046 uideretur,fnnm
993 2977 1102 3022 revera
1125 2960 1222 3021 redux
1245 2978 1262 3019 a
1285 2963 1416 3021 mortuis
1445 2960 1497 3021 ad-

212 3049 369 3124 versarios
398 3055 429 3106 ct
456 3054 675 3125 persecutores
703 3048 902 3126 profligasset
924 3049 1145 3125 victoriamque
1168 3047 1199 3107 in
1222 3050 1360 3107 extremo
1378 3047 1497 3124 indicio

179 3152 186 3159 ·
211 3134 463 3194 manifestaturus
477 3143 571 3207 esset,
584 3135 782 3196 vehementer
794 3133 976 3195 dubitarent.
1000 3135 1138 3211 Utroque
1151 3150 1225 3194 vero
1244 3133 1334 3194 modo
1349 3132 1495 3195 Christia-

211 3237 268 3281 nos
291 3237 360 3280 cum
384 3224 485 3282 animo
507 3221 629 3300 fideque
658 3222 785 3297 abiectis
816 3220 907 3281 simul
931 3238 1019 3298 spem
1045 3219 1126 3280 illam
1156 3219 1288 3296 abjicere
1315 3225 1495 3298 sortemque

190 3307 308 3383 ipsam
330 3306 450 3367 felicem
473 3310 504 3368 in
527 3311 614 3369 coelo
638 3308 696 3369 sihi
719 3310 886 3385 repositam
908 3306 1055 3384 perdere,
1086 3324 1176 3368 nemo
1204 3311 1252 3368 est
1282 3307 1355 3384 quin
1383 3306 1493 3368 videat.

209 3391 284 3453 llinc
306 3393 418 3454 factum
443 3401 507 3466 est,
542 3400 576 3455 ut
598 3401 682 3455 totus
701 3395 765 3471 jam
789 3400 969 3455 versaretur
992 3394 1150 3470 apostolus
1180 3395 1211 3452 in
1239 3392 1439 3470 adquirendis
1462 3399 1494 3454 et
1565 3443 1568 3449 .

91 3505 96 3514 ·
210 3479 375 3540 afferendis
388 3481 426 3540 iis
439 3484 644 3558 argumentis,
664 3481 776 3559 quibus
787 3480 922 3542 lectores
936 3484 1203 3541 commoverentur
1218 3485 1251 3538 ut
1263 3480 1294 3538 in
1311 3486 1417 3540 sancta
1429 3481 1492 3540 vita

210 3569 336 3625 strenue
360 3572 392 3626 et
415 3573 592 3629 constanter
614 3570 860 3646 perseverarent.
898 3567 981 3641 Quae
1005 3569 1084 3626 inter
1104 3572 1284 3643 argumenta
1304 3583 1367 3626 non
1383 3565 1490 3626 ultimo
1562 3633 1566 3660 ι
1624 3648 1627 3654 r

188 3649 275 3711 loco
299 3669 335 3711 ea
359 3651 543 3726 desiderari,
568 3672 646 3732 quae
669 3655 731 3714 sint
754 3671 791 3713 ex
813 3655 869 3713 Dei
886 3653 1006 3730 justitia
1030 3652 1204 3729 Christique
1228 3652 1264 3712 ad
1287 3650 1489 3713 vindicandos

210 3753 281 3799 suos
305 3739 407 3798 reditu
429 3741 540 3818 petita,
563 3742 651 3801 lacile
670 3741 734 3816 jam
758 3740 919 3800 divinatur.
953 3737 1042 3799 Nune
1066 3747 1168 3799 autem
1191 3737 1346 3815 quomodo
1370 3736 1490 3814 singula

206 3833 412 3903 persequatur
434 3833 556 3900 auctor,
579 3829 753 3888 accuratius
775 3826 943 3887 videamus

291 3912 338 3971 Ab
362 3914 506 3973 universa
536 3912 741 3974 admonitione
771 3911 806 3970 ad
830 3913 951 4012 singula
972 3908 1175 3990 progrediens
1204 3909 1304 3970 officia
1328 3911 1406 3970 viam
1430 3909 1490 3970 sibi

205 4005 294 4076 parat
316 4001 374 4070 ita,
397 4005 432 4058 ut
454 3999 622 4060 lectoribus
647 4006 717 4059 ante
741 4000 840 4060 omnia
864 4001 894 4058 in
910 4000 1088 4058 memoriam
1104 4003 1245 4068 revocet,
1270 4013 1347 4073 quae
1364 3998 1489 4056 omnino

205 4085 246 4143 sit
268 4087 349 4145 vitae
373 4103 486 4158 novae,
516 4087 605 4162 cujus
627 4087 794 4162 participes
816 4075 889 4145 facti
918 4087 994 4155 sint,
1023 4089 1144 4155 natura,
1175 4083 1278 4157 origo,
1308 4083 1398 4142 ratio.
1444 4081 1488 4158 lix

203 4167 268 4230 Deo
292 4173 372 4232 enim
395 4177 483 4250 patre
502 4172 538 4231 ad
555 4171 648 4232 fidem
665 4178 792 4232 vocante
809 4173 875 4248 (15)
891 4178 923 4231 et
938 4188 994 4248 per
1009 4169 1138 4231 verbum
1155 4185 1243 4230 sunm
1261 4168 1363 4230 diuino
1379 4169 1487 4245 uigore

202 4257 376 4333 praeditum
406 4258 561 4320 hominum
593 4258 683 4319 corda
706 4262 911 4335 regenerante
935 4258 1096 4336 (23-25)
1127 4273 1220 4333 quum
1245 4253 1489 4315 Christianorum

204 4345 265 4404 vita
284 4362 361 4406 nova
380 4351 447 4406 orta
466 4349 521 4418 sit,
544 4350 578 4404 ut
600 4345 681 4406 lilios
705 4363 766 4405 non
783 4343 883 4404 solum
899 4343 936 4404 ad
957 4350 1103 4422 paternae
1121 4342 1229 4402 volunt
1216 4344 1288 4402 tatis
1304 4341 1487 4418 obsequium

202 4432 253 4507 pie
275 4431 496 4510 praestandum
519 4433 584 4512 (14)
573 4431 671 4507 lsed
704 4431 740 4492 ad
769 4435 897 4492 naturae
929 4434 1020 4491 ctiam
1048 4429 1167 4490 divinae
1198 4427 1462 4490 similitudinem
1453 4443 1486 4486 ιιι

203 4521 366 4579 sanctitate
390 4525 421 4578 et
443 4521 508 4580 veri
509 4525 572 4578 tate
594 4518 784 4596 probandam
801 4517 864 4596 (16
881 4519 965 4595 22)’
957 4535 988 4578 m
1012 4518 1139 4593 spiritus
1161 4517 1280 4576 unitate
1304 4511 1486 4575 servandam

202 4604 267 4682 (22)
303 4603 432 4680 obligari
460 4605 662 4669 Christianos.
713 4605 829 4682 Augcri
857 4620 930 4665 vero
959 4604 1051 4665 etiam
1079 4609 1110 4662 et
1143 4601 1181 4662 ad
1208 4602 1365 4664 Christum
1394 4599 1485 4661 simul

203 4741 398 4754 Ἢ

270 4816 293 4866 1·
318 4803 502 4929 θνλᾶγίασμῷ
528 4805 684 4883 πνδῦμαῖοέ
706 4806 747 4866 εἷς
769 4801 894 4877 ὑπακοὴν
916 4805 963 4861 καὶ
988 4803 1124 4880 pontoque
1110 4826 1143 4860 υν
1166 4803 1281 4878 αἵματος
1304 4801 1393 4873 Ἰησοῦ
1413 4801 1486 4876 Χρι·

201 4877 266 4934 creir
283 4897 309 4932 κ.
322 4895 345 4931 τ.
