3516 5360
241 249 294 362 8‘
668 290 834 364 innan,
858 291 1086 363 12-111,1t.

242 461 355 537 stringi
375 459 469 522 simul
490 461 622 536 spatium
645 462 841 522 conversioni
871 459 1043 522 relictum.l
1080 458 1152 520 lade
1168 461 1260 519 ι111ι
1278 459 1518 536 explicaturum
1564 521 1567 524 ,

243 548 311 614 aliis
339 547 490 624 epistolae
520 547 610 618 locis,
635 547 672 608 de
700 548 812 625 quihus
839 549 917 608 infra
946 563 1049 608 sermo
1073 548 1146 618 erit,
1178 547 1222 606 uti
1245 547 1348 606 ante·
1335 563 1400 623 Jam
1422 555 1516 606 versu

244 638 354 696 octavo
378 633 416 696 de
434 632 551 722 judicio
575 633 673 696 solo
666 653 697 694 m
720 633 917 696 aduersarios
941 626 1076 693 exercito
1101 649 1204 693 sermo
1226 632 1375 693 videatur.
1421 633 1522 691 Acco
1614 657 1617 676 ν

242 722 339 783 ratius
363 722 444 780 enim
466 717 574 796 ntique
598 719 659 780 dist
646 719 847 797 tinguendum
869 720 944 792 erit,
966 719 1054 796 quale
1072 703 1246 780 infidelium
1275 737 1373 796 genus
1395 733 1518 778 aevum-

199 871 201 879 ,
243 824 302 884 que
326 806 466 884 apostolo
490 805 527 868 dc
550 807 598 866 fut
585 810 654 868 tura
678 807 835 868 honrinum
858 811 943 866 sorte
967 805 1133 867 disserenti
1150 811 1223 866 ante
1241 806 1518 867 oeulosrersctnr.

242 892 339 954 Aliter
363 898 469 970 aperte
492 891 532 952 de
552 893 622 952 istis
646 895 697 970 qui
724 893 797 954 licet
820 891 1055 968 οἰκοδομοῦντες
1083 898 1185 954 tamen
1212 895 1312 969 ipsum
1328 889 1520 952 ‘fundamen-

243 984 307 1040 tum
323 979 478 1040 Christum
501 978 756 1056 reprobaverant,
781 979 870 1040 aliter
894 976 930 1038 de
954 978 1119 1060 gentilibus
1143 983 1224 1040 inter
1239 995 1317 1056 quos
1340 978 1418 1038 fides
1436 977 1520 1059 Chri·
1560 1017 1566 1030 .

242 1067 342 1126 stiana
365 1064 523 1143 probanda
547 1070 634 1128 esset
656 1067 830 1126 etiamnunc
856 1064 953 1142 proba
979 1069 1013 1124 et
1036 1071 1142 1126 sancta
1162 1067 1240 1137 ¹vita,
1271 1065 1361 1126 aliter
1389 1061 1521 1142 deniqne

244 1151 282 1212 de
306 1154 359 1223 iis,
383 1151 496 1228 qulbus
519 1152 596 1212 satis
619 1152 747 1228 probata
771 1150 930 1216 videretur
947 1150 1019 1212 fidei
1036 1157 1144 1211 natura
1163 1152 1334 1229 salutisque
1350 1151 1522 1228 adipiscen-

244 1237 300 1298 dae
323 1240 411 1314 copia
434 1237 485 1298 diu
507 1242 540 1296 et
561 1242 664 1300 tamen
681 1239 797 1300 frustra
820 1237 906 1309 data,
930 1237 1126 1299 statuendum
1150 1242 1225 1299 erat.
1262 1238 1369 1315 Neque
1392 1237 1451 1298 hoc
1474 1239 1522 1298 est

212 1349 219 1360 ·
244 1322 462 1402 negligendum
490 1324 580 1382 istius
604 1322 853 1404 adversariorum
877 1326 945 1400 spei
972 1326 1158 1384 mentionem
1186 1325 1256 1384 lieri
1278 1325 1336 1386 hoc
1365 1325 1432 1384 loco
1461 1339 1522 1382 non

244 1417 374 1488 propter
396 1412 495 1486 ipsos,
519 1409 615 1471 multo
638 1413 739 1470 minus
763 1412 855 1472 etiam
878 1409 1029 1485 degeretis
1047 1409 1398 1494 cujusdamqexponendi
1413 1421 1521 1479 'causa

247 1497 303 1558 scd
324 1501 359 1557 ut
381 1497 581 1558 incitamento
606 1497 646 1556 sit
669 1497 851 1556 Christianis
876 1497 957 1558 uitae
981 1501 1012 1556 et
1033 1498 1064 1556 in
1082 1499 1143 1557 Dei
1161 1498 1311 1559 honorem
1335 1501 1366 1558 et
1395 1498 1426 1555 in
1450 1494 1523 1554 fidei

216 1604 223 1624 ¹
247 1581 436 1659 triumphum
460 1587 565 1642 sancte
588 1575 794 1643 instituendae
818 1578 1025 1659 agendaeque.
1127 1636 1132 1651 ,

252 1714 253 1722 .
337 1669 401 1730 Hoc
430 1667 511 1728 idem
541 1670 757 1744 'argumentum
788 1674 836 1729 est
867 1673 898 1728 et
926 1669 998 1729 finis
1028 1686 1175 1732 versuum
1202 1671 1413 1746 sequentinm,
1436 1683 1523 1745 quos

246 1755 453 1825 conclusionis
476 1755 625 1832 particula
648 1756 832 1832 interposita
850 1756 1010 1832 apostolus
1031 1755 1176 1833 adjungit.
1212 1755 1425 1834 Persingolas
1444 1755 1524 1814 enim

246 1845 327 1903 ritae
350 1840 544 1902 conditiones
566 1842 785 1922 hominumque
809 1841 934 1902 ordines
957 1860 1038 1904 nuuc
1059 1845 1274 1920 persequitur,
1298 1857 1377 1920 qnae
1400 1845 1470 1900 ante
1494 1841 1524 1899 in

246 1930 428 1990 universnm
451 1927 529 1987 dicta
554 1933 634 1988 sunt.
671 1927 716 1988 Ex
736 1923 786 1988 his
810 1933 912 1988 autem
936 1929 972 1987 ad
997 1946 1049 1988 eas
1073 1931 1202 1990 maxime
1225 1929 1354 2006 respicit
1375 1926 1531 1988 conditio-¹

247 2033 317 2088 nes,
342 2017 372 2076 in
396 2013 659 2091 quibusmultum
683 2021 714 2074 et
736 2015 947 2074 necessarium
971 2016 1069 2074 luerit
1085 2017 1166 2076 inter
1183 2015 1375 2076 Christianos
1399 2019 1431 2074 et
1453 2031 1525 2091 gen·

247 2100 317 2162 tiles
341 2099 481 2176 singulos
504 2101 738 2173 commercium,
762 2101 912 2160 institutis
934 2107 1038 2162 tamen
1062 2107 1093 2161 et
1121 2103 1259 2162 moribus
1288 2099 1525 2162 consuetudine-

248 2205 309 2264 que
323 2185 497 2263 'gentilium
526 2203 595 2246 cum
619 2186 812 2246 Christianae
839 2189 920 2246 vitae
951 2189 1059 2263 regula
1082 2203 1174 2264 quam
1204 2190 1334 2248 maxime
1364 2187 1526 2266 pugnanti·

247 2274 316 2334 bus.
361 2271 498 2348 itaquid
522 2273 689 2349 praelectis
714 2273 918 2350 omnibusque
942 2275 1175 2349 magistratibus
1198 2274 1331 2336 debeant
1353 2273 1526 2344 Christiani,

250 2359 324 2437 quid
354 2359 486 2420 dominis
521 2360 637 2431 servi„
658 2357 731 2435 quid
764 2359 875 2436 conjux
905 2359 1027 2436 conjugi
1043 2415 1047 2422 ,
1064 2359 1137 2420 lidei
1168 2359 1359 2421 Christianae
1392 2359 1526 2420 nondum

249 2445 379 2508 addictis
408 2445 577 2522 perlustrat
605 2445 663 2521 (ll,
690 2445 838 2516 13-111,
863 2447 908 2517 7).
954 2445 1174 2523 Cujuscunqne
1204 2449 1285 2507 enim
1312 2447 1446 2523 subjecti
1467 2446 1530 2506 sint

251 2532 417 2595 Christiani
439 2533 601 2607 potestati,
626 2533 654 2591 ei
680 2547 751 2591 esse
774 2530 994 2603 obediendum,
1020 2532 1156 2610 alioquin
1180 2527 1235 2594 eos
1259 2533 1383 2593 Christo
1406 2533 1535 2594 domiso·

249 2619 370 2697 plaeere
393 2634 455 2678 non
476 2634 585 2694 posse,
615 2619 668 2694 qui
697 2616 812 2678 liberos
840 2619 1033 2696 praestiterit
1061 2636 1122 2679 non
1146 2623 1180 2678 ut
1207 2619 1349 2680 licentius
1377 2637 1411 2680 se
1442 2625 1535 2696 gere

249 2710 320 2766 rent
347 2704 401 2764 sed
430 2708 465 2764 ut
486 2704 551 2766 lieo
579 2697 696 2764 morem
726 2721 834 2780 gerere
864 2703 924 2763 sibi
954 2703 1133 2765 viderentur
1155 2705 1330 2783 ubicunque
1353 2705 1528 2766 hominibus

251 2793 337 2858 esset
359 2789 580 2860 obediendum,
605 2790 715 2866 hisque
738 2790 815 2850 tales
845 2806 916 2850 sese
945 2791 1144 2867 praeberent,
1175 2796 1222 2863 ut,
1255 2808 1385 2869 quorum
1416 2799 1536 2851 monus¹

252 2882 338 2952 esset
365 2877 476 2953 punire
503 2875 660 2938 maleficos
688 2879 826 2951 praemio
856 2880 957 2937 autem
988 2877 1109 2938 allicere
1140 2883 1225 2938 recte
1247 2884 1389 2955 agentes,
1418 2879 1440 2937 ii
1468 2877 1528 2953 ipsi

253 2963 446 3024 Christianae
469 2963 663 3040 innocentiae
686 2962 796 3022 arbitri
818 2966 849 3022 et
870 2962 1007 3023 vindices
1030 2979 1101 3025 esse
1125 2964 1274 3025 deberent
1299 2965 1358 3042 (ll,
1370 2965 1456 3027 13
1465 2961 1526 3037 17).

218 3057 221 3068 ’
251 3051 368 3110 Versus
397 3031 533 3110 decimus
564 3049 690 3146 quintus
717 3041 781 3124 jam
813 3051 891 3109 satis
917 3049 998 3110 clare
1022 3049 1178 3120 ostendit,
1144 3050 1374 3126 tapostolum
1404 3050 1527 3112 omnino

251 3138 350 3212 magis
374 3134 411 3194 de
435 3121 651 3196 adversariis'
644 3135 776 3210 rnJuriae
794 3135 1026 3212 convincendis,
1051 3136 1295 3197 Christianorum
1315 3142 1417 3197 autern
1439 3138 1527 3196 inno-

251 3225 351 3282 centia
376 3221 544 3281 evincenda
567 3237 674 3298 agere,
701 3238 791 3297 quam
813 3222 851 3281 dc
873 3206 994 3282 illorum
1018 3222 1139 3282 salutis
1150 3224 1238 3298 copia
1258 3221 1358 3284 demta
1382 3222 1530 3284 relictoue

254 3308 326 3385 (eir.
350 3307 430 3368 inira
452 3306 489 3368 ad
506 3306 562 3379 lll,
589 3309 653 3384 16).

191 3397 194 3406 '
339 3392 444 3456 servis
473 3392 582 3454 deinde
610 3410 673 3453 non
703 3395 803 3454 minus
833 3394 982 3470 obsequie
1014 3392 1206 3455 dominorum
1229 3395 1277 3456 uel
1301 3394 1464 3456 duriorum
1484 3395 1528 3454 in·

249 3483 358 3558 juncto
375 3477 439 3557 (18)
458 3479 632 3555 generalem
648 3481 816 3556 interponit
839 3479 1083 3539 adhortationem
1107 3479 1144 3540 de
1168 3481 1419 3544 afflictationibus
1437 3483 1531 3551 etiam

255 3572 320 3626 tum
342 3565 496 3642 patienter
518 3565 723 3642 suscipiendis
747 3582 815 3625 cum
838 3566 952 3642 injuste
974 3567 1145 3643 plectamur
1168 3567 1281 3629 nullius
1304 3568 1411 3645 cnlpae
1435 3568 1529 3627 obno-

255 3655 298 3716 xii
320 3653 381 3728 ipsi
404 3651 466 3728 (19.
490 3652 554 3728 20).
1479 3688 1481 3694 ·

341 3739 386 3797 Ab
409 3737 468 3798 hoc
490 3737 561 3798 inde
584 3738 651 3798 leco
675 3739 772 3812 magis
796 3752 888 3812 quam
910 3743 982 3798 ante
1005 3738 1042 3799 de
1066 3739 1288 3800 calamitatibus
1312 3743 1426 3833 agitur,
1451 3755 1532 3818 quae

259 3823 443 3886 Christianis
472 3824 553 3884 iuter
580 3813 710 3900 gentiles
732 3821 910 3884 tolerandae
934 3826 1075 3900 dierunt3
1099 3826 1179 3886 vitae
1202 3833 1305 3887 autern
1316 3819 1530 3898 sanctitatem,

258 3928 347 4010 quam
372 3907 462 3970 mode
486 3909 712 3972 commendavit
699 3911 873 3981 temnino,
897 3912 1028 3971 maxime
1050 3911 1115 3972 Deo
1138 3913 1299 3988 probatam
1322 3919 1353 3975 et
1374 3899 1531 3990 acceptam
1651 3891 1654 3897 ¹

257 4000 288 4058 in
311 4013 349 4058 eo
373 3997 458 4056 cerni
475 3997 620 4058 docemur
642 4000 677 4056 ut
700 3994 867 4055 Christiani
890 3995 1013 4058 Christo
1044 3998 1159 4059 similes
1188 3999 1435 4062 adversariorum
1463 4015 1532 4077 per·

257 4083 434 4144 secutioues
456 4084 609 4159 patienter
630 4083 746 4153 ierant,
774 4099 814 4143 ne
836 4085 1069 4160 repugnationis
1094 4085 1216 4163 quidem
1239 4085 1406 4164 opprobrio
1429 4089 1532 4147 conta·

167 4187 171 4204 ·
256 4171 408 4231 minantes
433 4174 557 4231 sanctae
580 4171 660 4230 vitae
683 4166 812 4228 laudem.

344 4255 431 4330 Quod
454 4272 545 4331 quarn
568 4258 726 4331 acceptum
749 4255 814 4316 lieo
844 4258 885 4316 sit
906 4256 1018 4334 probat
1044 4259 1204 4334 apostolus
1232 4259 1363 4334 primum
1392 4257 1531 4336 exemplu

259 4343 386 4414 Christi,
411 4342 492 4402 omni
509 4341 597 4418 eulpa
622 4341 759 4417 expertis
778 4359 977 4420 summosque
993 4346 1148 4404 cruciatus
1168 4346 1322 4422 patienter
1340 4346 1531 4415 sustinentis,

259 4447 349 4506 quem
370 4428 536 4508 Christiani
561 4429 591 4486 iu
608 4427 665 4488 hae
679 4429 747 4504 ipsa
762 4430 908 4507 patientia
933 4437 964 4490 et
979 4432 1153 4491 innocentia
1169 4435 1340 4508 sequantur
1354 4430 1534 4512 fidelissime

260 4532 298 4578 eo
329 4517 426 4590 magis
454 4519 615 4591 oportere,
646 4516 717 4592 quia
741 4514 883 4578 Christus
906 4519 1007 4578 crucis
1031 4523 1161 4578 mortem
1189 4530 1358 4595 omnesque
1381 4535 1460 4597 quae
1483 4535 1534 4578 an·

331 4704 354 4754 1.
375 4699 424 4754 Cir.
442 4698 585 4755 liutherum
606 4702 638 4755 de
656 4704 745 4757 verbis
763 4697 796 4756 ἐν
813 4699 904 4775 ἡμέρᾳ
922 4696 1083 4772 ἐπισκοπῆς.
