3516 5360
278 313 322 378 52.
419 303 423 310 ’
810 319 975 388 lentur,
996 318 1024 376 a.

278 484 402 549 babere.
451 480 535 567 Σάρξ
558 487 624 547 aive
647 488 759 551 fluxam
783 492 815 547 et
837 486 975 562 fragilem
997 485 1132 545 bominis
1155 502 1216 562 qua
1239 489 1288 545 est
1310 487 1340 544 in
1358 484 1416 545 hac
1430 487 1492 547 vita
1509 504 1562 546 na·

279 577 379 631 turam
403 574 442 651 (I,
458 573 507 634 24.
531 571 658 647 111,18)
681 571 807 634 denotat
829 574 895 633 sive
915 573 1032 648 pcccati
1052 573 1208 632 notionem
1228 572 1317 632 simul
1335 573 1486 644 ruminet,
1509 590 1561 633 us-

279 674 463 736 quequaque
496 657 695 735 abjudicanda
718 666 767 720 est
791 659 828 719 ab
850 659 973 719 bomine
995 659 1135 734 corporis
1158 662 1241 718 terra
1266 661 1402 718 concreti
1425 663 1557 732 exsorte‚

279 745 392 821 quippe
415 760 477 821 quo
500 743 566 804 solo
590 743 682 820 hujus
702 745 808 806 caduci
832 750 864 805 et
880 745 1079 804 contaminati
1095 741 1198 803 mundi
1213 746 1334 804 fruatur
1350 745 1558 805 commercio.¹

278 829 342 890 lloc
365 829 446 907 quod
471 831 543 892 novi
566 833 743 892 testamenti
766 832 825 891 loci
842 835 997 892 testantur
1015 832 1167 900 sexcenti,
1192 833 1322 890 maxime
1345 829 1428 890 Petri
1450 829 1558 892 iubae
1590 840 1594 849 ¹

278 915 409 993 epistola
432 915 577 993 loquendi
601 934 678 978 usus
700 920 802 994 potuit
825 915 971 981 docere.2

364 1018 531 1078 Plurimum
545 1023 646 1079 tamen
664 1018 811 1102 debemus
826 1022 894 1082 viro
909 1019 952 1080 illi
968 1019 1073 1090 docto,
1093 1017 1174 1095 quod
1190 1035 1278 1095 quam
1295 1006 1453 1095 pdstulant
1467 1019 1561 1080 verba

278 1110 454 1166 structurae
471 1108 623 1176 rationem
640 1123 706 1166 eam
723 1123 783 1166 non
799 1109 922 1182 negavlt
937 1110 1065 1182 propter
1081 1107 1252 1164 sententiae
1269 1102 1477 1165 difficultatem
1490 1105 1560 1166 inde

279 1195 468 1253 nascentem.
512 1192 656 1252 Profecto
685 1192 761 1253 haec
784 1198 834 1252 est
856 1191 974 1268 periodi
997 1195 1124 1250 nostrae
1147 1192 1241 1263 ratio,
1269 1196 1304 1250 ut
1327 1191 1462 1252 aoristus
1484 1192 1560 1252 alter

279 1279 408 1339 alterum
429 1295 564 1354 sequens
581 1273 981 1356 (εὐηγγελίσθη-κριθῶσιν)
998 1277 1167 1352 significet,
1191 1276 1277 1353 quid,
1300 1275 1352 1336 ubi
1370 1278 1561 1354 evangelium

278 1381 339 1424 non
355 1368 532 1423 recusatum
551 1365 659 1434 fuerit,
680 1363 938 1440 praedicationem
956 1364 1101 1424 continuo
1118 1368 1259 1422 secutum
1276 1363 1331 1434 sit,
1354 1363 1447 1442 σαρκί
1460 1369 1561 1423 autent

279 1447 382 1510 addito
406 1448 557 1526 judicium
584 1452 793 1527 restringatur
823 1467 884 1510 non
912 1448 948 1509 ad
972 1449 1085 1525 aliquid
1108 1448 1190 1528 quod
1214 1448 1376 1525 aliquando
1400 1448 1578 1510 habuerint¹

279 1535 328 1598 vel
352 1534 428 1595 adeo
451 1535 586 1594 habituri
604 1538 666 1596 sint
689 1538 740 1613 qui
754 1536 947 1613 judicentur,
972 1534 1026 1595 sed
1044 1552 1105 1612 quo
1121 1541 1193 1594 tunc
1213 1535 1341 1612 praediti
1362 1541 1451 1595 erant
1467 1553 1561 1612 quum

277 1626 311 1684 et
337 1617 572 1700 praedicabatur
600 1621 793 1698 evangelium
817 1628 848 1683 et
870 1620 1074 1682 exercebatur
1097 1619 1255 1698 judicium.
1299 1620 1368 1680 Jam
1391 1637 1465 1681 saue
1488 1621 1561 1681 nibil

278 1707 479 1784 relinquitur,
504 1709 564 1767 nisi
588 1712 621 1769 ut
644 1713 696 1768 aut
718 1711 849 1769 mortuis
871 1725 995 1769 carnem
1017 1705 1228 1768 vindicandam
1252 1723 1323 1766 esse
1346 1710 1440 1767 invito
1457 1707 1560 1768 Nili.

279 1811 338 1855 usu
356 1793 574 1866 concedamus,
598 1801 651 1854 aut
667 1795 860 1871 evangelium
876 1793 1084 1874 praedicatum
1102 1810 1173 1853 esse
1193 1794 1263 1852 istis
1276 1792 1451 1854 hominibus
1467 1811 1560 1871 quum

225 1953 231 1963 ι
279 1897 403 1942 carnem
432 1880 600 1940 etiamtunc
630 1879 782 1940 haberent
806 1883 825 1942 i.
850 1898 876 1944 e.
900 1886 1065 1957 antequam
1088 1880 1150 1938 vita
1174 1884 1281 1939 esseut
1303 1881 1428 1957 egressi
1447 1883 1561 1940 statua-

279 1966 380 2028 auus,i
432 1966 508 2024 Huic
538 1968 674 2047 opinioni
706 1967 894 2043 suffragatur
923 1972 955 2026 et
982 1966 1153 2026 sentcntiae
1185 1966 1390 2042 perspicuitas
1419 1971 1451 2025 et
1480 1965 1561 2043 quod

281 2052 401 2113 maximi
418 2055 565 2112 momenti
578 2057 626 2112 est
638 2052 808 2130 aequabilia
821 2052 978 2112 doctrinae
991 2052 1207 2122 conformatio,
1226 2067 1294 2110 nam
1308 2069 1363 2127 per
1376 2056 1472 2112 totam
1486 2053 1561 2112 scri-

280 2144 401 2217 pturam
424 2153 541 2197 sacram
558 2144 684 2215 praeter
702 2137 782 2198 huno
799 2139 900 2198 locum
915 2137 1128 2198 obscuriorem
1144 2136 1282 2213 quidem,
1306 2140 1350 2197 uti
1366 2155 1473 2198 omnes
1490 2153 1560 2198 con-

279 2221 430 2296 cedunt,⁴
453 2222 623 2292 inauditum
647 2241 776 2301 prorsus
800 2225 848 2285 e'at
871 2224 998 2300 dogma,
1023 2228 1214 2284 mortuorum
1237 2224 1346 2283 animis
1369 2225 1562 2301 evangelium
1631 2242 1634 2253 ·

280 2327 351 2372 ease
369 2306 588 2387 praedicatum.
623 2309 756 2370 Proinde
775 2328 810 2370 ea
828 2309 938 2381 verba,
963 2326 1040 2386 quae
1056 2325 1230 2386 repugnare
1247 2313 1420 2370 sententiae
1435 2315 1561 2370 nostrae

279 2399 468 2472 interpretes
495 2394 635 2473 plerique
663 2395 865 2466 contendunt,
898 2397 1071 2456 accuratius
1095 2394 1299 2470 exploremus.
1344 2395 1437 2455 Juvat
1459 2400 1561 2456 autem
1659 2409 1665 2420 ·
1752 2367 1753 2406 ³

280 2484 455 2543 auctoritati
483 2499 655 2542 cousensus
684 2482 765 2563 illius
793 2499 890 2561 paene
919 2483 1055 2541 unanimi
1084 2497 1241 2558 opponere
1277 2483 1380 2541 statim
1408 2481 1446 2541 ab
1473 2483 1560 2580 ipitio

280 2569 488 2630 testimonium
517 2570 573 2629 viri
603 2566 699 2639 docti,
730 2586 821 2646 quem
852 2569 908 2629 bae
932 2571 1016 2628 certe
1039 2571 1071 2646 in
1093 2568 1128 2628 re
1150 2567 1290 2643 partibus
1314 2566 1441 2628 studere
1464 2570 1561 2643 magis

279 2671 370 2742 quam
400 2656 522 2715 veritati
552 2649 642 2715 nemo
671 2655 877 2727 contenderit,
909 2655 1002 2730 Bauri
1025 2653 1248 2731 Tubingensis,
1273 2655 1331 2731 qui
1348 2647 1506 2731 nuper'(l.
1525 2653 1562 2729 l.)

279 2740 409 2803 similem
440 2745 532 2817 atque
559 2757 618 2801 nos
649 2739 687 2800 de
719 2745 850 2801 mortuis
880 2741 940 2800 illis
969 2742 1161 2817 proposituri
1190 2756 1297 2799 sumus
1328 2740 1561 2816 explicationem

278 2830 424 2906 peracute
446 2826 538 2886 Petro
560 2826 759 2886 vindicavit⁶
1244 2824 1246 2829 ’

363 2930 432 2990 Jam
462 2927 643 2988 accedamus
674 2927 710 2986 ad
740 2946 864 2988 versum
894 2929 1032 3004 quintum
1065 2929 1193 3004 ejusque
1225 2944 1293 2986 cum
1323 2933 1410 2988 sexto
1439 2946 1560 2989 nexum.

279 3017 378 3078 Versu
415 3016 522 3091 quinto
557 3013 762 3086 adversariiS,
801 3031 839 3074 ne
873 3013 954 3073 ultra
987 3013 1111 3090 probris
1148 3019 1179 3072 et
1212 3012 1380 3074 maledictis
1413 3020 1561 3076 vexarent
1669 3054 1677 3061 .
1751 3047 1753 3068 l

278 3105 416 3165 sanctam
443 3100 688 3161 Christianorum
707 3102 813 3172 vitam,
844 3099 1042 3158 annuntiatur
1064 3098 1214 3175 judicium
1238 3115 1254 3159 a
1280 3099 1403 3160 Christo
1422 3099 1560 3164 redituro

278 3190 450 3252 imminens.
501 3187 597 3262 Quem
626 3203 736 3246 nexum
764 3187 816 3262 qui
844 3183 1088 3245 consideraverit
1114 3184 1188 3243 nibil
1205 3186 1349 3268 prolecto
1379 3189 1479 3247 minus
1509 3205 1559 3248 ex·

347 3413 370 3463 l.
390 3409 456 3461 ilinc
474 3422 552 3474 supra
571 3401 603 3458 ἐν
620 3407 712 3475 σαρκί.

346 3499 368 3549 2.
389 3495 439 3546 Gir.
450 3509 517 3560 quae
528 3493 560 3544 ab
570 3491 747 3558 Engelbardto
764 3493 910 3544 rectissime
923 3496 1013 3543 contra
1024 3490 1170 3544 Guederum
1181 3490 1346 3560 disputantur
1364 3493 1382 3544 l.
1393 3493 1410 3544 l.
1422 3509 1448 3560 p.
1458 3498 1508 3548 277
1519 3509 1557 3562 sq.

345 3583 370 3636 3.
389 3575 518 3632 Lutberus
537 3578 722 3640 (flammentur.
742 3577 773 3629 ad
789 3577 859 3630 Petri
878 3593 937 3645 epp.
956 3579 1075 3632 ao.1523
1095 3577 1160 3646 Opp.
1172 3576 1205 3629 ix
1219 3595 1243 3646 p.
1255 3580 1385 3646 799sqq.t
1404 3581 1506 3648 etipse
1525 3595 1557 3632 ex

278 3653 329 3704 boc
348 3650 465 3702 membro
485 3645 557 3698 finali
572 3644 741 3710 judicandam
761 3654 854 3698 censet
872 3648 1042 3698 sententiam:
1062 3647 1130 3710 „Dic
1146 3645 1231 3699 Warte
1248 3665 1329 3714 sapen
1346 3647 1474 3709 tauriaci,
1495 3650 1557 3700 duas

277 3721 350 3772 nicil
367 3720 447 3770 allelu
465 3718 514 3768 den
527 3715 685 3782 tetendipee
698 3718 746 3767 dac
761 3717 929 3782 Erumpeliam
946 3717 1081 3785 pcpredipl
1100 3733 1158 3783 sep,
1177 3717 1289 3766 condem
1301 3719 1369 3768 aucit
1381 3717 1431 3768 dere
1447 3717 1557 3780 Tedium

277 3791 379 3852 under
396 3795 462 3836 cetat
479 3785 544 3835 doch
562 3785 644 3844 datu,
669 3786 730 3835 duaa
755 3789 793 3836 sie
816 3787 942 3852 pericblct
964 3787 1065 3837 camden
1083 3785 1152 3836 rracb
1174 3785 1230 3834 dem
1249 3783 1385 3837 Meneclem
1404 3803 1451 3836 am
1471 3787 1559 3838 Flet-

278 3857 361 3910 acfcc.
392 3855 463 3906 Nun
481 3851 588 3904 laten
606 3855 704 3918 siejo
721 3855 813 3906 aicit
832 3855 980 3917 Flrirclr,
999 3855 1114 3906 darum
1132 3854 1221 3904 kann
1240 3871 1272 3903 ea
1290 3857 1385 3906 nicbt
1402 3865 1560 3907 verclan-

278 3927 338 3978 den
352 3924 480 3974 werden
500 3923 657 3984 deunana
675 3923 735 3973 den
751 3923 973 3992 Lebeada‘pen.
1003 3922 1042 3973 Ec
1060 3927 1106 3974 iat
1127 3924 1198 3972 eine
1217 3923 1444 3974 wccoderla'cfre
1460 3924 1558 3988 Rode,

279 4011 334 4048 toas
353 4011 379 4044 er
398 3992 465 4043 aucit
488 3993 536 4052 a‘rt,
557 3991 586 4040 ob
605 3991 651 4041 der
672 3989 734 4042 Text
750 4010 819 4059 pana
839 4011 871 4044 au
888 4011 937 4044 uns
962 3993 1077 4044 {commen
1102 3992 1163 4040 oder
1187 3990 1216 4040 od
1240 3998 1319 4041 etwas
1344 3993 1556 4060 berauapesullen

279 4066 330 4122 aei,
348 4063 423 4112 weiss
441 4058 599 4110 icbnicfrt.“
637 4059 685 4112 cb.
705 4061 740 4112 ib.
760 4077 784 4128 p.
800 4064 862 4114 800:
888 4061 971 4123 „felc
995 4059 1083 4110 bana
1107 4059 1166 4109 dea
1189 4055 1359 4111 Verctond
1381 4063 1476 4114 niebt
1502 4079 1561 4112 aa·

278 4131 427 4187 naiman,
447 4129 526 4178 dass
552 4129 611 4178 den
634 4127 755 4182 Todten
772 4132 836 4182 acad
860 4127 1084 4180 Verstordnca
1105 4128 1165 4178 das
1184 4126 1403 4196 Eannprlc'om
1422 4132 1490 4183 soll
1505 4149 1559 4198 pe·

240 4203 243 4206 ’
277 4200 411 4269 predipt
429 4200 519 4259 seim·
542 4215 568 4247 ec
586 4205 656 4249 nadre
674 4200 741 4258 dena
759 4201 821 4251 darc
840 4200 878 4248 St.
891 4197 966 4249 Peter
985 4197 1033 4246 dur
1046 4213 1150 4262 mayoc,
1170 4197 1232 4248 dass
1251 4199 1299 4248 das
1310 4197 1482 4265 Eaanqelium
1497 4199 1554 4264 frey

280 4283 431 4334 uusqanpcn
449 4267 503 4317 und
519 4266 621 4318 dierolf
638 4269 779 4321 erardollca
802 4285 846 4332 acy
866 4265 938 4329 (cot.
955 4265 981 4323 1,
998 4264 1051 4327 23)
1071 4265 1127 4314 und
1144 4266 1230 4316 caeder
1246 4283 1293 4316 vor
1313 4265 1407 4317 Todten
1426 4267 1492 4319 norit
1511 4267 1555 4317 Le·
1607 4309 1609 4317 .

280 4336 420 4404 bendiqen,
440 4334 524 4385 caeder
540 4353 587 4386 vor
604 4336 652 4386 den
672 4335 773 4404 Eatqeln
789 4335 856 4387 nocie
874 4351 920 4384 nor
938 4334 987 4383 deo
1010 4331 1115 4396 Teuseln
1132 4334 1301 4401 acrbcrpen.“

347 4423 370 4474 l.
390 4419 519 4482 Quantum
540 4419 644 4488 quidem
664 4422 720 4472 scio
737 4418 868 4472 Dolilzsch
886 4419 959 4470 solus
977 4417 1051 4470 locos
1071 4424 1176 4470 nostros
1196 4419 1293 4472 lPetr.
1309 4418 1356 4478 lll,
1375 4421 1406 4472 18
1422 4433 1461 4486 sq.
1487 4419 1558 4482 litt

279 4489 343 4544 solis
362 4490 420 4542 luce
439 4480 564 4542 clariores
583 4489 823 4554 (‚‚ronnenldar“)
843 4487 1046 4553 essejudicavit
1065 4489 1145 4550 (Bibl.
1166 4487 1264 4554 Pspclc..
1284 4504 1309 4554 p.
1319 4489 1394 4551 ³59).
1619 4484 1621 4491 '

347 4579 369 4629 5.
388 4576 544 4628 Accuratius
563 4575 640 4626 eliam
660 4573 808 4641 nuperrime
823 4571 985 4639 Engelbardt
998 4573 1065 4625 hanc
1083 4573 1237 4624 sententiam
1257 4571 1373 4625 defendit
1390 4575 1570 4640 (Zaitccbrifix

276 4647 321 4710 fiir
338 4647 408 4698 Prot.
426 4664 453 4697 a.
473 4644 576 4700 Kirclte.
598 4643 732 4710 Erlcnpear
747 4642 819 4694 1856
839 4643 942 4704 XXXI,
962 4645 1017 4696 d.5
1035 4658 1061 4709 p.
1073 4643 1122 4695 227
1134 4641 1213 4708 θείῳ).
1249 4639 1298 4694 cir.
1318 4640 1456 4696 Hol‘mauni
1474 4642 1553 4696 inter-

275 4715 449 4782 pretationem
468 4712 670 4777 (Sebrifdcweic
689 4712 730 4774 11,
750 4713 763 4762 1
783 4725 807 4777 p.
819 4711 869 4765 339
886 4715 965 4779 sqqd.
1551 4755 1555 4762 .
