3516 5360
648 381 953 452 iPnn.ili,19sqq.
1009 397 1014 406 ν
1041 363 1045 369 ’
1344 419 1347 425 -
1444 373 1485 440 it

211 560 288 626 quae
316 537 395 608 tunc'
413 545 491 608 moie
523 565 577 607 sua
601 565 698 626 paene
721 553 922 626 oppresserat
950 561 1070 604 manum
1092 545 1233 622 piorum,
1255 547 1392 624 itemque
1417 551 1486 610 octo

208 633 377 708 animarum
396 633 550 720 justitiam
576 640 607 694 et
628 631 719 694 iidem
742 633 945 694 vindicatum?
989 622 1193 692 Adversarios
1216 632 1308 692 etiam
1331 625 1486 708 quirunt

208 723 316 780 essent
328 717 468 795 judicare
483 727 623 796 paratum
638 724 875 797 promptumque
894 735 965 779 esse
985 716 1140 778 Christum
1159 717 1218 793 (IV,
1231 715 1278 794 5),
1302 717 1397 781 munito
1414 734 1485 783 eon·

207 803 353 864 fidentius
370 805 433 882 jam
457 822 639 866 asseverare
661 807 761 883 potuit
783 804 924 881 exempto
949 803 999 863 iiio
1023 805 1204 878 praemisso.
1585 806 1591 814 “

261 907 263 912 ·
294 889 420 950 Accedit
442 889 523 969 quod
547 908 650 952 mores
673 891 783 950 horum
800 888 1034 966 judicandorum
1053 904 1152 964 paene
1176 887 1352 948 admodum
1371 905 1483 968 aequa·

209 975 283 1037 lium
305 976 425 1036 illorum
443 975 559 1038 Noachi
583 976 715 1038 describi
736 974 887 1036 uidemus.
925 972 1087 1053 Ἀσὲλγειαι
1111 972 1272 1050 ἐπιθυμίαι
1295 973 1486 1054 οἰνοφλυγίαι

209 1064 307 1138 κῶμοι
330 1055 418 1121 πότοι
454 1063 500 1133 lv,
519 1062 555 1136 3)
579 1061 682 1124 non'ne
707 1063 805 1123 cuivis
825 1063 855 1120 in
878 1066 1012 1124 mentem
1033 1065 1180 1120 revocant
1200 1059 1293 1120 verba
1313 1058 1426 1124 Christi
1448 1059 1485 1124 de

208 1163 322 1224 genere
345 1147 412 1206 iilo:
435 1168 515 1226 ησαν
538 1183 579 1192 -
601 1145 770 1229 τρώγοντες
792 1147 841 1205 καὶ
867 1146 1018 1217 πίνοντες,
1041 1148 1212 1220 γαμοῦντες
1235 1147 1283 1203 καὶ
1306 1142 1483 1223 ε’κγαμίζον·

149 1233 157 1256 “
207 1253 257 1303 τες
285 1232 392 1310 (nictu.
411 1233 513 1306 XXiV,
532 1233 613 1309 38)?
668 1234 759 1294 Certe
787 1233 846 1293 hoc
870 1250 959 1293 nemo
991 1229 1104 1292 iniitias
1134 1231 1220 1302 ierit,
1252 1230 1355 1291 verbis
1385 1233 1483 1308 quinti
1529 1287 1530 1293 ,

210 1335 321 1379 versus
344 1352 387 1363 —
407 1315 451 1396 μὴ
476 1313 704 1396 συντρεχόντων
727 1312 813 1393 ὑμῶν
837 1317 877 1390 aig
899 1315 954 1398 τὴν
980 1313 1077 1395 αὐτὴν
1100 1319 1156 1395 τῆς
1176 1312 1313 1388 ἀσωτίας
1338 1311 1487 1394 ἀνάχυσιν

210 1402 337 1464 eandem
363 1406 469 1466 inesse
490 1422 604 1481 parvae
629 1422 735 1465 manus
758 1406 879 1482 piorum
903 1402 971 1464 cum
998 1403 1160 1479 impiorum
1184 1401 1388 1475 multitudine,
1412 1421 1486 1480 quo·
1536 1450 1543 1464 .

167 1501 168 1510 ¹
209 1507 277 1549 rum
300 1492 501 1568 protervitate
523 1495 667 1568 tanquam
697 1491 764 1567 iege
787 1490 930 1550 omnibus
953 1487 1143 1550 observanda
1166 1489 1254 1565 pauci
1282 1489 1325 1550 iiii
1345 1505 1486 1565 premau·

202 1579 274 1648 tur,
298 1579 571 1653 comparationem,
601 1593 679 1655 quae
702 1575 876 1636 declaratur
898 1592 991 1652 supra
1015 1591 1108 1653 quum
1131 1579 1202 1634 octo
1225 1575 1279 1652 qui
1301 1573 1487 1637 credideriut

112 1686 118 1696 f
207 1663 265 1722 toti
286 1651 584 1738 infideliun'generi
607 1666 811 1740 opponuntur.
852 1661 966 1720 Eodem
989 1658 1079 1720 modo
1105 1659 1162 1718 sub
1189 1661 1282 1720 finem
1304 1659 1411 1736 judieii
1434 1678 1485 1721 ex·
1518 1685 1524 1694 ’

142 1806 147 1811 .
208 1749 298 1808 tremi
320 1750 504 1808 mentionem
528 1750 568 1810 ita
591 1749 659 1808 fieri
681 1748 837 1818 videmus,
867 1753 901 1806 ut
930 1746 968 1805 ab
992 1744 1141 1823 euemplo‘¹
1159 1745 1210 1806 iiio
1234 1747 1360 1823 antiquo
1390 1748 1484 1807 ratio-

207 1849 278 1893 nem
300 1832 495 1894 describendi
518 1833 870 1912 mutueturapostoius:
899 1830 930 1890 τί
955 1825 990 1890 τὸ
1017 1829 1102 1901 τέλος
1129 1834 1190 1890 τῶν
1218 1825 1485 1893 ἀπειθούντων

207 1922 250 1999 τῷ
274 1922 329 1979 τοῦ
352 1919 429 1978 θεοῖ
447 1915 626 2002 εὐαγγελίῳ,·
650 1918 748 1978 καὶεί
769 1912 785 1978 ὁ
810 1917 956 1988 δίκαιος
976 1899 1086 1993 μόῖις
1108 1909 1285 1996 σώζεται,
1307 1909 1323 1976 ὁ
1347 1914 1486 1998 ἀσεβὴς

208 2002 257 2062 καὶ
281 1997 467 2081 ἁμαρτωλὸς
490 2009 548 2064 τεοῦ
572 2005 750 2084 φοινει”τοιι;1

182 2091 184 2098 ’
296 2089 400 2166 Qualis
421 2102 551 2168 quaeso,
568 2095 601 2150 ut
616 2091 675 2151 hoe
690 2094 802 2152 iterum
817 2107 852 2150 ac
869 2105 963 2167 saepe
976 2093 1128 2166 repetam,
1147 2089 1370 2164 argumentatio
1388 2094 1482 2160 esset,

208 2177 235 2236 si
258 2192 399 2237 severum
425 2175 587 2254 aliquando
610 2195 627 2236 a
650 2175 772 2236 christo
796 2176 955 2236 imminere
977 2173 1125 2251 judicium
1152 2174 1190 2234 iis
1214 2177 1266 2251 qui
1283 2172 1320 2233 ad
1344 2175 1483 2237 similitu·

146 2319 151 2323 .
209 2260 310 2322 dinem
335 2262 507 2340 aequalium
525 2255 641 2322 Noachi
662 2265 827 2339 peccarent
849 2259 1086 2322 concluderetur
1100 2277 1118 2320 e
1134 2275 1258 2320 carcere
1278 2260 1387 2322 horum
1403 2263 1485 2338 ipso-

207 2364 276 2408 rum
290 2365 347 2425 per
365 2348 494 2409 eundem
514 2347 669 2409 Christum
691 2345 847 2409 οσοΙοοο.2
869 2347 963 2406 immo
986 2345 1098 2406 clarius
1116 2346 1207 2405 etiam
1231 2346 1399 2423 apparebit,
1421 2363 1482 2424 quo

208 2433 298 2495 modo
323 2450 417 2511 supra
439 2432 588 2512 procedat
610 2434 741 2512 apostoli
764 2433 998 2510 argumentatio.
1031 2431 1145 2508 lmpios
1168 2432 1299 2508 primum
1326 2432 1484 2494 confutan-

206 2518 266 2580 dos
294 2537 351 2598 per
378 2520 532 2580 Christum
561 2521 662 2598 ipsum
691 2519 853 2580 liberatum
882 2517 920 2578 ab
949 2519 1111 2594 impiorum
1143 2515 1285 2578 violentia
1315 2518 1385 2596 (cfr.
1418 2519 1483 2578 θο-

206 2603 359 2677 voantur
387 2622 455 2665 cum
483 2604 524 2675 ll,
549 2608 584 2681 7)
618 2605 780 2665 confirmat
809 2604 962 2681 exemplo,
998 2608 1161 2680 antequam
1196 2601 1419 2664 servandorum
1453 2609 1485 2665 et

206 2691 437 2770 purgandorum
465 2693 586 2768 piorum
608 2707 694 2768 spem
717 2707 753 2750 ae
774 2692 855 2750 viam
878 2691 1032 2750 monstret
1053 2686 1163 2750 denuo.
1208 2685 1283 2750 Loci
1300 2690 1365 2765 iam
1387 2691 1484 2752 inser·

205 2779 292 2839 siunt
319 2778 366 2838 rei
394 2775 614 2854 depingendae.
662 2775 708 2836 Ad
731 2773 888 2837 carcerem
911 2776 1024 2852 quippe
1047 2775 1101 2836 ubi
1118 2774 1235 2851 judicio
1260 2773 1384 2858 obnoxii
1407 2774 1483 2838 deti

150 2919 154 2924 ,
206 2867 337 2923 neautur
365 2865 495 2940 primum
525 2861 686 2923 deseendit
712 2863 811 2923 vietor
836 2865 868 2921 et
881 2859 995 2938 judex,
1027 2859 1137 2922 deinde
1160 2859 1299 2922 ascendit
1320 2860 1357 2921 ad
1378 2861 1484 2924 coelos

206 2950 296 3026 quasi
317 2949 348 3008 in
376 2947 525 3020 tribunal,
553 2952 623 3010 ante
646 2947 729 3025 quod
756 2963 847 3008 causa
872 2946 1115 3008 Christianorum
1141 2948 1339 3024 omniumque
1362 2949 1483 3024 piorum

207 3032 339 3112 denique
362 3034 545 3096 decernatur
560 3033 681 3111 publice
701 3034 749 3112 (cf.
769 3033 823 3104 lii,
844 3033 881 3094 16
904 3050 972 3093 eum
990 3031 1043 3102 lv,
1060 3032 1100 3110 5).
1144 3031 1255 3093 Eadem
1273 3034 1366 3109 igitur
1384 3049 1483 3110 paene

205 3122 331 3197 partitio
354 3121 413 3181 hoc
435 3120 501 3181 loco
524 3121 643 3181 obtinet
664 3137 699 3180 ac
722 3137 813 3202 quam
829 3116 937 3180 ordine
952 3121 1077 3180 inverso
1092 3119 1222 3195 legimus
1238 3121 1269 3178 in
1284 3117 1379 3180 altera
1397 3119 1483 3182 Petri

205 3206 336 3284 epistola
358 3206 411 3285 (11,
430 3207 476 3282 9):
500 3199 562 3266 nida
585 3200 689 3285 κύριος
711 3202 845 3287 εὐσεβεῖς
875 3202 906 3274 ἐκ
930 3208 1102 3283 πειρασμοῦ
1125 3197 1276 3284 ῥύεσθαι,
1300 3201 1426 3276 ἀδίκους
1449 3203 1482 3266 δέ

209 3291 249 3362 εἰς
271 3285 390 3373 ἡμέραν
412 3291 539 3370 κρίσεως
561 3287 784 3368 κολαζομένους
805 3296 948 3370 τηρεῖν,
971 3307 1051 3367 quae
1074 3290 1227 3351 sententia
1250 3307 1341 3367 quam
1359 3294 1430 3366 epte
1452 3295 1485 3352 et
1594 3311 1596 3314 ·

208 3393 278 3438 cum
300 3381 481 3455 argumento
503 3379 617 3456 prioris
633 3377 791 3454 ‚epistolae
815 3381 848 3436 et
869 3392 937 3436 curn
956 3377 1055 3437 nostri
1075 3375 1133 3436 loci
1150 3379 1293 3436 contextu
1312 3378 1351 3454 (v.
1370 3377 1414 3438 12.
1434 3379 1481 3439 14.

211 3463 258 3526 le.
275 3465 325 3540 17)
349 3465 544 3535 conueniret,
568 3462 682 3525 nullum
705 3461 801 3524 latere
825 3461 937 3522 debuit.

291 3548 342 3610 Sic
362 3549 526 3626 probatum
549 3549 671 3610 videtur
692 3553 754 3610 tam
783 3565 822 3609 ex
848 3547 952 3609 verbis
975 3549 1053 3624 ipsis
1080 3565 1171 3625 quam
1195 3564 1212 3608 e
1235 3552 1383 3609 contextu
1411 3546 1479 3620 ioci,

205 3634 357 3713 evangeiii
380 3629 487 3695 interis
509 3635 677 3710 praedicati
699 3635 885 3694 mentionem
907 3635 1260 3710 perperam‘immisceri
1277 3632 1345 3692 loco
1361 3639 1479 3694 nostro.

205 3719 314 3781 Restat
334 3725 368 3780 ut
389 3721 553 3792 rationem,
583 3737 673 3797 quam
696 3721 778 3778 inter
799 3719 880 3779 hunc
903 3722 934 3778 et
956 3723 1076 3777 sextum
1102 3720 1205 3794 quarti
1226 3719 1333 3795 capitis
1357 3733 1481 3780 versum

164 3841 184 3856 ι»
205 3804 398 3868 intercedere
421 3810 529 3883 putant
557 3806 720 3867 arctiorem
744 3805 931 3882 interpretes
954 3803 1020 3863 iere
1044 3819 1168 3875 omnes,
1186 3803 1359 3864 accuratius
1378 3803 1481 3881 explo-

207 3910 320 3954 remus.
337 3890 350 3929 ³

208 4020 409 4030 -1—--2-0—-4-

276 4081 296 4130 1.
317 4077 367 4130 Gir.
387 4067 478 4144 supra:
497 4072 537 4132 εἰς
554 4071 589 4142 ἣν
608 4071 727 4144 ὀλίγον
744 4069 822 4125 τοῦτ’
841 4068 919 4125 ἔστιν
933 4067 1003 4124 ὀκτὼ
1020 4073 1110 4194 φοραὶ
1129 4067 1436 4140 caraecarae„
1456 4039 1482 4131 οε

139 4147 141 4154 ’
205 4144 387 4228 {Petu-ild:
404 4142 530 4228 Ιὄγδοον
545 4141 622 4196 Νῶε
640 4136 871 4210 δικαιοσύνης
889 4136 993 4213 κήρυκα
1008 4135 1063 4212 ε’φυ
1081 4136 1143 4205 cde,
1158 4135 1350 4212 κατακλυσμὸν
1366 4139 1480 4220 κὸσμρ

207 4208 515 4351 ασες.ωέειει7ειαξεῗίςᾶειο
535 4283 646 4344 scimus,
666 4297 732 4350 quae
751 4281 783 4332 ab
802 4279 987 4348 interpretibus
1004 4281 1067 4348 poni
1090 4279 1175 4331 soleat
1193 4277 1326 4332 distinctio
1345 4282 1415 4334 inter
1433 4294 1480 4336 eos

207 4353 251 4418 qui
270 4353 436 4418 evangelium
455 4351 561 4404 audiant
579 4355 605 4401 et
617 4350 800 4403 Noachitarutn
820 4350 937 4418 cuipam;
953 4347 1000 4401 sed
1012 4347 1105 4400 Petrus
1120 4352 1190 4400 certe
1210 4349 1236 4410 εἳ
1247 4363 1291 4416 ep.
1310 4349 1385 4414 lte)
1405 4352 1480 4406 aliter

204 4418 308 4484 judicat
325 4430 350 4472 et
368 4435 445 4540 supra
465 4421 491 4472 in
510 4418 654 4487 augendam
674 4419 776 4487 culpam
795 4421 895 4479 omnia,
913 4417 978 4470 nihil
997 4419 1022 4468 in
1042 4416 1206 4468 minuendam
1226 4415 1308 4469 affert.

208 4491 437 4620 limoailiclololcoco,
461 4548 589 4610 sententio
614 4559 758 4609 cohaerens
782 4553 886 4623 quidem
911 4562 981 4606 arcte
1006 4570 1064 4606 curn
1084 4556 1163 4608 totius
1182 4556 1233 4607 loci
1255 4556 1478 4623 interpretatione.

208 4627 334 4698 Adiungit
351 4627 485 4694 apostolus
503 4627 553 4680 hoc
572 4641 652 4679 versu
669 4627 777 4678 alteram
796 4624 1028 4692 argumentationis
1045 4629 1159 4692 partem,
1183 4638 1249 4691 qnae
1273 4625 1379 4692 proprie
1400 4625 1478 4680 debe·
1533 4652 1545 4663 κ

207 4695 252 4750 bat
270 4693 335 4748 iilud
352 4695 534 4764 ζωοποιηθεὶς
553 4697 678 4748 continuo
702 4695 788 4762 aequm
816 4707 874 4744 nam
900 4707 932 4744 er
955 4693 1004 4744 hac
1022 4691 1117 4746 Girristi
1140 4693 1250 4746 victorio
1273 4691 1477 4750 Christianorum

208 4765 280 4818 salus
299 4765 392 4816 manat.
430 4762 481 4816 Sed
498 4767 632 4833 praemisit
650 4763 744 4832 quibus
758 4761 885 4830 judicium
904 4760 1054 4814 infidelibus
1073 4775 1087 4814 n
1105 4761 1207 4814 Girristo
1226 4761 1365 4816 imminens
1383 4765 1478 4820 conffl-

415 4505 464 4541 oco
488 4488 592 4542 videtur
615 4493 674 4556 apte
693 4485 830 4540 inserenda
851 4491 939 4540 nostra
959 4485 991 4537 de
1009 4501 1087 4538 versu
1111 4487 1240 4552 vigesimo
1259 4487 1356 4555 primo,
1375 4486 1478 4542 difficu-
1549 4548 1552 4556 Ι
1616 4475 1620 4485 ’
