3516 5360
776 351 961 412 lnrnonueno.
1491 349 1509 412 3

182 525 186 531 “
227 519 377 585 firmando
400 522 528 598 eiusque
552 520 667 583 ambitu
689 523 884 599 potissimum
906 519 1186 584 circumscribendo
1209 519 1290 580 baud
1310 522 1421 598 exigua
1436 538 1510 581 cura

227 607 430 686 impendatur,
452 613 517 669 tum
539 609 571 668 in
593 607 644 668 illo
661 607 746 669 Petri
768 608 836 670 loco
860 607 1049 670 enucleando
1064 608 1152 669 multi
1165 607 1248 684 iique
1266 605 1437 668 doctissimi
1452 609 1510 668 viri

227 696 339 759 iterum
362 695 536 771 iterumque
559 693 795 756 elaboraverunt
814 695 1060 768 accuratissime,
1083 712 1145 755 uno
1160 693 1226 754 iere
1243 709 1298 753 ore
1314 695 1511 755 eonsentien-

226 787 290 852 tes,
320 780 393 859 quid
421 783 506 841 esset
533 797 633 858 quove
661 786 817 858 spectaret
839 780 1007 843 descensus
1031 781 1146 842 Christi
1166 781 1227 840 nisi
1250 797 1286 839 ex
1315 779 1374 839 boc
1401 779 1469 841 loco
1493 798 1510 860 e

227 867 310 927 nullo
334 867 507 928 accuratius
530 869 675 942 cognosci
698 867 879 944 delinirique
901 885 1004 944 posse.
1049 867 1132 944 Quae
1155 865 1449 941 autem,colligenda
1472 883 1510 926 ex

226 952 278 1016 illo
300 952 515 1024 videbanturs
529 957 646 1015 tantum
675 953 772 1016 abluit
794 956 833 1022 ,ut
855 959 995 1016 ueterum
1026 952 1268 1031 dogmaticorum
1298 951 1336 1012 de
1358 953 1404 1013 ira
1428 952 1509 1012 dam-

227 1040 309 1101 natis
337 1037 513 1116 praedicata
530 1041 726 1100 'sententiam
759 1041 993 1110 confirmarent,
1027 1043 1062 1100 nt
1090 1038 1127 1099 de
1158 1037 1316 1114 evangelio
1348 1039 1518 1099 salutifero,
1604 1087 1607 1096 .

228 1126 358 1188 mortuis
376 1126 560 1208 annunciate
573 1127 701 1203 cogitari
719 1131 864 1204 oportere
883 1131 1074 1188 statueretur
1088 1141 1187 1202 paene
1208 1124 1245 1184 ab
1258 1126 1408 1186 omnibus.
1424 1123 1509 1208 ¹Pro-

227 1216 340 1273 vocant
361 1215 463 1274 autem
486 1228 578 1288 quam
600 1214 729 1272 maxime
752 1211 790 1272 ad
814 1229 939 1284 nexum,
969 1229 1030 1290 quo
1053 1213 1225 1292 arctissime
1247 1213 1307 1272 istc
1330 1211 1416 1272 locus
1440 1228 1508 1271 oum

229 1304 317 1361 sexto
341 1299 449 1375 capitis
472 1299 603 1375 proximi
625 1314 719 1359 uersu
742 1299 922 1375 conjunctus
946 1299 995 1360 sit.

313 1385 406 1462 Atqui
427 1386 513 1461 patet
534 1384 640 1461 quanti
663 1386 704 1444 sit
725 1385 866 1462 quaestio
888 1387 948 1447 ista
966 1387 1121 1448 momenti.
1161 1381 1282 1445 Etenim
1306 1387 1334 1446 si
1356 1383 1508 1461 scriptura

229 1487 316 1532 sacra
330 1473 410 1531 teste
425 1470 502 1547 ipsis
517 1469 647 1530 mortuis
662 1469 855 1546 evangelium
872 1471 1081 1548 praedicatum
1096 1475 1153 1542 est,
1177 1476 1284 1548 aperte
1300 1472 1443 1532 aeternae
1462 1488 1509 1530 sa·
1584 1475 1586 1480 '

228 1551 300 1618 lbtis
315 1553 530 1633 adipiscendae
550 1555 682 1631 spatium
698 1555 841 1618 dilatatur
856 1557 937 1618 ultra
951 1559 1031 1618 fines
1046 1558 1126 1618 vitae
1141 1557 1311 1618 terrestris.
1341 1555 1427 1631 Quod
1444 1551 1516 1616 sive'

230 1642 372 1704 omnibus
396 1641 519 1702 omnino
540 1640 712 1704 vindicetur
734 1644 786 1719 qui
804 1648 873 1704 ante
887 1643 995 1720 iudicii
1009 1645 1139 1704 extremi
1152 1643 1319 1704 terminum
1332 1643 1510 1714 moriantur,

228 1730 273 1789 uti
295 1728 396 1805 placet
419 1726 574 1800 Guedero,
599 1729 665 1788 sive
688 1729 894 1807 restringatur
917 1728 954 1789 ad
977 1729 1116 1806 singulos
1133 1727 1283 1806 quosdam
1305 1728 1354 1788 vel
1378 1727 1415 1788 ad
1438 1745 1510 1804 gen·

228 1814 299 1876 tlles
322 1811 560 1890 praedicationis
582 1814 779 1892 evangelicae
800 1815 858 1876 bac
880 1817 912 1875 in
933 1817 996 1876 vita
1020 1818 1178 1891 expertes,
1197 1818 1281 1875 certe
1299 1813 1337 1875 de
1353 1815 1462 1874 mortis
1479 1816 1511 1873 in

229 1901 369 1961 homines
397 1901 427 1960 vi
455 1898 729 1976 defunctorumque
758 1905 839 1961 statu
868 1908 900 1961 et
921 1900 1116 1962 facultatibus
1135 1899 1283 1977 judicium
1309 1904 1434 1977 recepta
1460 1899 1510 1960 illa

229 1986 484 2063 interpretatione
501 2002 609 2063 magna
626 2003 664 2045 ea
678 1991 765 2062 parte
780 1987 999 2048 immutabitur.
1568 1983 1574 1990 “

314 2071 420 2132 Omnis
443 2071 482 2132 lis
504 2077 647 2132 versatur
660 2073 693 2131 in
707 2070 792 2133 Petri
807 2076 959 2134 sententia
974 2077 1060 2134 recte
1077 2071 1281 2150 intelligenda.
1309 2069 1417 2149 Neque
1432 2072 1518 2132 hanc·

229 2159 301 2220 lieet
322 2158 507 2235 interposita
528 2157 677 2218 formulae
700 2159 835 2234 cujusvis
863 2158 1091 2221 ecclesiasticae
1120 2160 1303 2219 auctoritate
1330 2156 1510 2234 praecidere

229 2259 329 2323 eoque
352 2243 522 2322 simplicem
544 2242 712 2304 verborum
727 2245 916 2306 intellectum
931 2251 1053 2306 vertere
1073 2262 1134 2321 quo
1152 2244 1273 2306 duxerit
1286 2243 1518 2322 praeoccupata

230 2329 267 2392 de
290 2328 352 2389 ullo
376 2328 518 2406 dogmate
543 2330 655 2406 opinio.
691 2327 760 2390 Non
783 2332 880 2407 magis
904 2337 1006 2392 autern
1029 2330 1100 2392 olim
1123 2332 1238 2409 ingenii
1256 2332 1352 2390 aciem
1369 2345 1510 2391 occaeca-

229 2418 309 2478 verit
324 2414 481 2476 doctrinae
504 2414 542 2476 de
565 2419 755 2477 mortuorum
779 2421 860 2477 statu
884 2416 1063 2478 immutabili
1086 2418 1256 2494 antiquitus
1271 2413 1402 2476 traditae
1422 2416 1512 2476 obse·

230 2505 335 2580 quium
358 2507 389 2562 et
411 2499 561 2572 studium,
593 2518 684 2577 quarn
700 2520 781 2563 nunc
803 2519 877 2579 spes
900 2503 950 2568 illa
973 2502 1176 2581 amplificandi
1204 2503 1302 2579 ipsius
1329 2501 1414 2563 Petri
1441 2519 1511 2579 per-

229 2590 327 2649 missu
349 2587 563 2648 conversionis
587 2587 678 2663 spatii
700 2587 746 2648 vel
771 2591 862 2650 etiam
885 2586 1049 2650 solvendae
1072 2587 1153 2650 illius
1176 2587 1213 2649 de
1237 2587 1395 2666 gentilium
1412 2586 1511 2647 salute

231 2675 421 2751 quaestionis
445 2672 685 2733 obscurissimae
709 2674 926 2746 nonnullorum
945 2682 1063 2735 mentes
1085 2674 1205 2736 alliciat.
1244 2673 1322 2748 Quin
1346 2675 1440 2751 igitur
1460 2672 1511 2733 de·

229 2776 291 2820 nuo
316 2755 382 2820 sine
405 2757 467 2818 ullo
489 2761 621 2836 partium
645 2756 747 2819 studio
769 2759 854 2821 Petri
875 2755 975 2822 locum
999 2762 1216 2826 examinamus.
1250 2760 1395 2820 Fortasse
1419 2759 1519 2837 quam'

230 2847 420 2922 interpretes
442 2845 634 2904 recentiores
656 2850 775 2906 tantum
797 2863 859 2906 non
882 2865 990 2908 omnes
1013 2846 1181 2908 deseruere
1209 2846 1247 2908 de
1271 2844 1423 2907 descensu
1447 2848 1510 2922 opi-

230 2932 369 3002 nionem,
392 2932 566 2990 innotuisse
591 2929 707 2990 scilicet
726 2949 784 3009 per
807 2949 876 2993 eum
893 2933 973 3012 apud
988 2934 1106 2993 inferos
1125 2934 1284 2994 victoriam
1300 2933 1415 2994 Christi
1435 2946 1510 2992 sane

231 3017 267 3077 ad
286 3015 484 3078 sanciendum
501 3032 609 3076 eorum
627 3018 809 3094 supplicium
830 3021 881 3096 qui
897 3017 988 3088 fidem
1002 3019 1190 3095 denegantes
1202 3019 1266 3080 Deo
1281 3021 1394 3079 mortui
1406 3021 1512 3080 essent

230 3137 272 3148 -
294 3103 430 3163 fortasse
453 3105 578 3179 inquam
600 3101 649 3162 illa
672 3119 734 3163 non
756 3104 844 3180 plane
862 3107 1036 3167 inveniatur
1050 3104 1198 3165 destituta
1212 3104 1297 3166 Petri
1314 3106 1507 3165 auctoritate.

230 3189 350 3250 Etenim
374 3204 452 3265 quae
475 3190 545 3265 ipso
567 3187 619 3248 illo
642 3187 710 3250 loco
734 3188 890 3265 leguntur,
915 3194 964 3253 vix
986 3208 1119 3268 unquam
1134 3203 1190 3269 per
1212 3207 1246 3252 se
1269 3193 1528 3252 commovissent-

230 3277 416 3352 interpretes
439 3280 474 3334 ut
498 3279 672 3335 cum-tanta
693 3293 751 3351 qua
767 3275 835 3337 fieri
851 3277 930 3338 solet
951 3277 1268 3354 fiducia'evangelium
1289 3279 1371 3337 inter
1393 3277 1510 3338 inferos

230 3359 439 3439 praedicatum
463 3377 534 3422 esse
553 3365 739 3442 statuerent,
757 3363 817 3424 nisi
839 3381 918 3441 quae
941 3363 1042 3443 paullo
1061 3364 1139 3423 inira
1156 3367 1330 3441 sequuntur
1343 3364 1438 3424 verba
1456 3361 1510 3422 dif-

231 3445 361 3510 ficillima
386 3445 449 3521 (IV,
474 3447 511 3522 6)
534 3463 697 3524 perperam
720 3447 875 3510 intellecta
897 3450 958 3511 bne
981 3447 1170 3512 retulissent.
1210 3449 1255 3510 De
1278 3454 1412 3526 utroque
1435 3457 1508 3510 vero

231 3533 297 3594 loco
326 3549 394 3591 cnm
417 3537 503 3593 recte
524 3533 656 3609 judicari
685 3539 818 3610 nequeat
845 3537 906 3596 nisi
934 3542 1004 3597 ante
1033 3537 1135 3595 omnia
1161 3539 1323 3596 contextus
1351 3538 1510 3612 totiusque

233 3616 379 3696 epistolae
395 3623 608 3694 argumentum
624 3618 721 3694 probe
735 3628 899 3699 perspecta
914 3622 1043 3691 tuerint,
1056 3623 1187 3697 primum
1203 3637 1412 3698 proponamus
1428 3638 1509 3681 sunr-

233 3721 310 3764 mam
328 3721 435 3764 eornm
452 3702 734 3780 quae'antecedunt
751 3706 852 3767 locum
865 3712 1021 3778 nostrum,
1039 3707 1168 3783 reliquis
1183 3707 1263 3766 inira
1281 3705 1422 3784 adjectis,
1447 3724 1508 3766 om-

162 3810 166 3817 ·
231 3791 322 3850 nibus
337 3795 440 3858 autem
463 3791 500 3852 iis
523 3791 600 3851 locis
624 3791 676 3867 qui
700 3789 736 3849 ad
751 3798 891 3854 nostrum
914 3791 1124 3872 explicandum
1143 3794 1244 3854 iacere
1260 3790 1404 3854 videntur
1418 3792 1508 3870 paulo

231 3878 403 3938 accuratius
426 3876 605 3953 exploratis.
883 3888 886 3892 ’
