3516 5360
684 343 686 351 ’
750 349 854 410 lauro.
869 347 916 418 tv,
937 348 964 405 a.
1196 430 1197 433 Ν
1448 344 1489 408 ot

219 515 292 574 tum
309 514 349 585 si,
378 511 450 590 quid
476 511 567 572 vellet
588 514 791 590 evangelium,
815 516 1055 591 spectavissent,
1085 515 1117 573 in
1148 517 1247 574 morte
1276 512 1398 591 quidem
1420 531 1490 591 pas·

221 613 275 658 sos
298 615 369 659 esse
392 596 464 658 illud
492 597 529 658 de
558 615 649 658 carne
674 597 823 675 judicium
853 598 908 660 sed
936 598 1049 661 nullum
1076 599 1168 660 elium
1197 600 1229 660 in
1256 600 1350 660 linem
1377 601 1437 661 nisi
1458 605 1491 663 ut

218 681 343 744 Christo
367 683 483 744 similes
509 683 547 770 ad
570 685 877 762 vitamspiritualem
904 690 935 745 et
962 683 1094 744 diuinam
1115 684 1262 762 redirent.
1306 685 1390 746 liano
1414 701 1489 748 vero

218 769 335 846 regiam
358 770 471 831 Christi
493 771 592 847 ipsius
615 772 693 832 uiam
715 771 928 848 inevangelio
952 775 1086 831 nuncet
1112 777 1182 832 ante
1209 776 1410 832 monstratam
1437 771 1490 848 qni

218 862 368 933 spernant
389 857 531 932 adeoque
552 861 679 934 propter
697 875 764 918 eam
788 857 969 918 maledicant
985 857 1181 927 Christianis,
1205 875 1243 917 eo
1266 858 1334 934 ipso
1350 863 1490 934 ternpore

220 957 313 1018 quarm
337 943 478 1004 Christus
499 942 608 1002 redeat
630 944 717 1003 vivus
741 945 911 1004 emortuis
939 942 1053 1019 judicio
1083 943 1231 1004 obnoxios
1258 945 1380 1006 lutnros
1407 959 1489 1004 esse.

304 1029 402 1089 Versu
426 1029 533 1106 quinto
557 1035 663 1104 aperte
687 1047 747 1088 non
765 1028 795 1089 id
815 1031 931 1106 agitur,
956 1035 990 1088 ut
1006 1029 1189 1108 universalis
1208 1029 1316 1105 Jndieii
1333 1047 1389 1107 per
1405 1029 1490 1088 dhri-

220 1118 300 1175 stnm
318 1114 449 1174 habendi
471 1114 602 1174 ambitus
622 1114 768 1193 doccatur
788 1118 920 1176 omnino.
957 1115 1151 1176 Adversariis
1174 1118 1308 1176 minatur
1330 1115 1490 1194 apostolus

215 1199 361 1276 judicium
385 1203 438 1277 qui
468 1199 625 1277 evangelio
655 1201 745 1261 iidem
775 1201 941 1278 denegent,
966 1200 1047 1278 quod
1071 1200 1135 1277 ja'm
1164 1201 1360 1278 praedicetur
1389 1201 1491 1277 eujus

220 1303 280 1364 que
302 1288 422 1347 linctus
446 1288 476 1345 in
500 1287 681 1346 Christianis
704 1287 783 1348 lrcne
807 1289 965 1364 conspicui
988 1287 1085 1348 oeulis
1115 1290 1252 1364 ipsorum
1276 1287 1489 1356 obversentur.

201 1372 370 1434 dedictum
394 1377 496 1433 autem
519 1372 577 1432 hoe
600 1391 616 1431 a
640 1373 760 1433 Christo
785 1372 1022 1451 exspectandum
1047 1391 1135 1443 esse,
1166 1391 1297 1451 queme
1328 1373 1490 1434 mortuis

220 1457 393 1518 reducem
415 1464 451 1518 et
473 1458 671 1518 sedentem
694 1458 736 1518 ad
753 1462 874 1535 patris
892 1459 1082 1519 dexteram
1100 1477 1217 1520 summa
1230 1464 1385 1536 potestate
1401 1475 1490 1536 prae·

220 1543 314 1604 ditum
339 1549 409 1606 anto
433 1545 551 1608 dixerit.
590 1545 645 1604 (lui
667 1563 761 1621 quum
782 1546 897 1605 tribnat
914 1546 950 1606 de
968 1547 1096 1605 mortuis
1112 1563 1210 1622 aeque
1234 1563 1269 1604 ae
1292 1545 1328 1604 de
1350 1546 1428 1606 viris
1443 1547 1492 1621 ju·

219 1627 346 1701 dicium,
378 1631 453 1691 haec
481 1630 542 1691 duo
568 1630 804 1706 judicandorum
834 1649 947 1708 genera
978 1631 1166 1706 distinguere
1195 1631 1314 1698 videtur
1340 1648 1402 1690 non
1432 1637 1492 1690 tam

220 1723 348 1794 propter
363 1733 418 1779 eos
436 1716 473 1776 ad
492 1727 570 1793 qnos
587 1734 677 1792 qnam
691 1717 730 1776 ob
743 1735 813 1792 eum
825 1717 862 1776 de
874 1733 935 1794 quo
950 1717 1072 1776 scribat.
1096 1717 1145 1777 Sic
1160 1719 1241 1778 enim
1254 1717 1375 1778 videtur
1385 1733 1493 1793 proce-

219 1802 292 1863 dere
306 1803 546 1879 argumentatio:
571 1802 711 1862 Ghristus
728 1821 745 1862 e
762 1805 891 1862 mortuis
913 1802 1010 1862 redux
1033 1807 1064 1862 et
1085 1803 1121 1862 ad
1139 1821 1287 1865 summam
1306 1821 1409 1864 rerum
1433 1801 1492 1862 ela·

219 1895 284 1960 tue,
313 1891 394 1949 iuter
415 1889 502 1949 vivos
523 1895 632 1950 antem·
657 1888 757 1949 denuo
782 1892 977 1966 appariturus
1000 1888 1114 1964 judicis
1143 1894 1297 1964 potestate
1325 1887 1491 1966 praeditae,

220 1974 298 2034 nanc
313 1991 400 2037 snam
415 1978 601 2051 potestatem
617 1975 648 2034 in
661 1980 800 2036 mortuos
816 1991 914 2051 aeque
929 1992 964 2033 ac
976 1966 1063 2034 vivos
1076 1975 1260 2036 exhibebit.¹
1288 1974 1401 2036 ludicii
1418 1991 1492 2036 vero

179 2067 183 2086 '
220 2065 359 2138 potestas
375 2061 574 2137 restringitur
589 2059 626 2118 ad
646 2059 841 2121 aduersarios
857 2062 921 2137 (cfr.
938 2061 978 2132 ll,
997 2061 1036 2135 8).
1073 2061 1143 2121 dam
1165 2079 1270 2122 errare
1287 2057 1492 2122 videturlloi-
1563 2118 1565 2126 ,

221 2163 351 2208 mannus
366 2164 459 2224 quum
476 2163 555 2223 quae
571 2163 662 2206 versu
679 2151 768 2206 sexto
783 2148 999 2206 contineantur
1012 2148 1103 2206 etiam
1115 2148 1146 2207 in
1159 2147 1403 2208 adversariorum
1412 2145 1492 2223 judi-

217 2234 301 2293 cium
312 2232 553 2294 confirmandum
571 2230 656 2300 dieta,
669 2249 739 2294 asse
752 2237 871 2304 censet,
893 2233 1006 2310 qnippe
1025 2234 1078 2309 qni
1096 2251 1134 2292 ne
1154 2236 1267 2294 mortui
1280 2232 1402 2310 quidem
1419 2231 1492 2292 illud

218 2319 401 2396 ollugiant.²
423 2318 558 2379 Primum
572 2319 621 2378 vix
638 2318 823 2380 eredendum
838 2324 886 2380 est
903 2320 933 2378 in
949 2323 1095 2390 „morte
1109 2323 1423 2395 persecutorum“
1436 2336 1492 2381 un·

219 2420 310 2482 qnam
324 2422 507 2483 quemquam
520 2404 686 2466 offendisse
703 2404 923 2476 Christianum,
940 2405 1029 2480 ¹quami
1045 2405 1202 2466 haeenon
1221 2411 1306 2466 esset
1323 2422 1421 2482 poena
1440 2423 1492 2467 ne·

220 2509 280 2568 que
303 2492 421 2552 animae
443 2491 673 2568 perfunctorum
697 2491 818 2558 illorum
836 2490 945 2566 judicii
962 2491 1090 2550 extremi
1104 2508 1224 2568 poenae
1241 2496 1421 2552 tenerentur
1439 2491 1491 2551 ob·

221 2579 340 2638 noxiae.
377 2576 620 2637 Christianorum
643 2582 760 2639 mortes
783 2581 948 2653 postquam
964 2575 1105 2638 Christus
1128 2596 1145 2636 c
1169 2582 1267 2637 morte
1285 2577 1493 2639 resurrexerit

221 2679 296 2724 sane
317 2667 486 2740 potuerunt
507 2663 664 2723 offendere
689 2667 723 2740 (l
743 2662 852 2722 Thess.
869 2662 916 2734 lV,
935 2663 970 2724 13
989 2664 1084 2739 sqq.).
1131 2663 1247 2724 Deinde
1272 2663 1396 2735 obstat,
1410 2660 1492 2740 qnod
1600 2711 1603 2714 .

220 2767 312 2826 quem
334 2751 366 2809 in
384 2749 477 2809 linem
491 2750 680 2826 evangelium
697 2747 908 2826 praedicatum
925 2750 966 2808 sit
987 2749 1040 2820 iis,
1063 2750 1105 2808 ita
1122 2750 1317 2826 exprimitur,
1341 2753 1375 2810 nt
1389 2750 1492 2827 potius

221 2835 329 2896 salutis
352 2836 437 2895 notio
461 2837 594 2896 emineat
615 2852 717 2911 neque
746 2839 829 2896 certe
858 2834 918 2894 ullo
950 2833 1040 2894 modo
1070 2836 1276 2912 significetur,
1304 2837 1386 2896 hunc
1413 2837 1492 2898 istos

217 2922 313 2982 linem
332 2925 461 2999 propter
478 2919 722 2982 incredulitatem
739 2938 802 2981 non
819 2937 890 2982 csse
907 2922 1123 2982 consecutos.³
1151 2921 1226 2982 llinc
1242 2922 1385 2995 densior,
1396 2921 1493 2982 llluel-
1608 2970 1610 2978 ,

220 3006 288 3070 ler⁴
309 3007 375 3079 alii,
403 3024 502 3084 nuper
513 3007 708 3096 ‚engelhardt
729 3008 759 3084 (l.
773 3007 803 3078 l.)
828 3009 1004 3067 statuerunt
1025 3006 1063 3066 ad
1085 3007 1193 3068 fideles
1211 3011 1315 3085 potius
1339 3011 1391 3088 qui
1414 3026 1493 3068 mor·

221 3095 266 3156 tni
290 3095 354 3170 jnm
385 3099 493 3154 essent
525 3095 682 3170 respicere
712 3111 835 3155 versum
865 3099 994 3154 sextum.
1046 3092 1232 3168 Engellrardt
1260 3101 1348 3173 putat
1377 3113 1415 3156 er
1444 3095 1494 3157 illa

43 3163 47 3171 ¹
158 3221 168 3246 .
220 3181 391 3241 offensione
424 3182 455 3240 in
484 3179 618 3240 fidelium
647 3186 746 3240 morte
781 3185 990 3256 praematura,
1018 3196 1096 3256 quae
1124 3181 1169 3240 uti
1197 3180 1275 3256 apud
1298 3181 1493 3242 Thessaloni-

221 3283 332 3328 censes
365 3269 407 3328 ita
435 3268 515 3327 inter
543 3267 601 3328 hos
630 3266 775 3337 valuerit,
809 3264 1018 3342 explicandum
1048 3281 1118 3326 esse
1153 3266 1212 3325 hoc
1244 3263 1509 3336 additamentum..

151 3363 156 3370 '
221 3352 281 3413 Sed
302 3355 428 3430 gravior
455 3352 575 3414 videtur
603 3355 770 3424 sententia,
793 3358 890 3428 ‘atque
916 3369 985 3412 enm
1013 3353 1110 3412 totius
1134 3351 1282 3428 epistolae
1306 3371 1423 3414 summa
1447 3371 1494 3414 ar·
1537 3352 1540 3359 '

220 3441 299 3500 otius
322 3440 522 3511 cohaerens,
536 3457 628 3515 qnam
657 3446 690 3499 nt
712 3446 883 3500 statuamus
913 3437 1087 3514 apostolum
1116 3437 1165 3498 llis
1187 3439 1291 3499 uerbis
1319 3439 1452 3500 lectores
1476 3457 1492 3499 a

131 3599 133 3604 Ι
202 3525 369 3602 singulari
386 3525 515 3602 quadam
539 3524 742 3586 sollieitudine
765 3523 897 3585 liberare
915 3523 1062 3594 voluisse,
1086 3524 1175 3599 euJus
1195 3541 1233 3584 ne
1247 3527 1409 3602 vestigium
1428 3527 1494 3602 qui·

220 3611 341 3672 demin
364 3611 425 3671 ullo
449 3610 598 3688 epistolae
620 3611 688 3670 loco
711 3611 893 3672 inveniatur.
937 3609 1063 3669 Rectius
1086 3609 1215 3670 Mueller
1238 3610 1275 3670 ad
1299 3629 1410 3672 nexum
1433 3628 1494 3688 qno

220 3715 289 3758 enm
311 3713 404 3758 versu
426 3698 526 3773 primo
556 3702 586 3756 et
614 3695 749 3759 secundo
777 3696 942 3761 cohaereat
963 3699 1071 3754 noster
1097 3695 1212 3757 attendi
1236 3697 1334 3772 jubet.
1379 3688 1493 3775 Aperte

219 3786 302 3844 enim
324 3785 356 3844 in
371 3775 606 3858 uersn'quarto
626 3783 690 3858 jam
713 3780 863 3858 quaedam
886 3797 902 3840 a
920 3780 1080 3856 proposita
1098 3783 1236 3841 oratione
1252 3782 1405 3858 digressio
1424 3801 1493 3844 eon-

221 3871 325 3947 spieua
349 3875 411 3940 est,
434 3886 513 3944 quae
535 3869 643 3945 quinto
660 3885 754 3928 versu
776 3872 904 3926 eatenus
927 3866 1138 3936 continuatur,
1156 3872 1307 3950 quatenus
1323 3867 1360 3928 de
1378 3868 1494 3945 judicio

220 3957 397 4024 imnrinente
421 3953 608 4015 adversariis
631 3954 740 4030 agitur.
787 3953 946 4012 Sententia
977 3966 1051 4012 vero
1074 3969 1219 4013 uersuum
1245 3955 1258 4013 l
1285 3958 1316 4014 et
1338 3956 1357 4015 2
1382 3973 1437 4030 per
1460 3972 1495 4016 se

220 4059 295 4102 saue
327 4041 450 4102 videtur
481 4039 636 4111 absoluta,
654 4039 721 4100 xscd
751 4055 843 4100 versu
870 4037 889 4098 3
922 4054 983 4098 non
1015 4035 1114 4098 solnm
1142 4038 1244 4115 pergit
1270 4041 1430 4116 apostolus
1463 4043 1495 4102 in

221 4128 328 4189 eadem
352 4125 547 4205 exponenda,
571 4126 661 4185 immo
684 4127 715 4186 in
739 4130 826 4186 sento
856 4141 948 4184 versu
971 4122 1008 4182 ad
1031 4123 1159 4184 eandem
1185 4124 1252 4184 lere
1280 4127 1430 4188 rationem
1452 4134 1496 4187 at·

221 4231 282 4290 que
310 4215 341 4274 in
364 4209 500 4275 secundo
523 4213 688 4288 opponitur
711 4215 787 4284 vita,
812 4226 892 4286 qnae
915 4211 956 4268 sit
979 4208 1016 4268 ad
1039 4209 1096 4272 Dei
1118 4210 1318 4284 voluntatem,
1340 4211 1496 4274 hominum

223 4300 344 4361 vivendi
367 4299 479 4360 rationi
495 4297 610 4374 judicio
634 4298 800 4372 obnoxiae3
823 4296 882 4356 lroc
906 4300 1023 4355 tanturn
1052 4295 1228 4356 discrimine
1251 4303 1286 4356 ut
1302 4298 1400 4369 inira,
1424 4301 1495 4376 quia

226 4409 250 4418 —
293 4449 611 4510 l.Glr.Rom.XlV,9.

289 4519 501 4588 allpml
1246 4563 1257 4578 ,

235 4656 241 4668 ι
287 4590 312 4640 3.
333 4589 427 4641 Gonler
450 4604 517 4656 quae
545 4603 628 4656 nuper
651 4586 849 4652 aWiesingero
875 4585 1021 4636 rectissime
1047 4590 1213 4650 opponuntur
1231 4585 1371 4638 Hoimanni
1394 4593 1497 4652 senten·
1559 4629 1565 4638 .

224 4662 275 4708 me
289 4672 318 4778 f.
328 4659 415 4778 2diuidere
432 4745 481 4778 ron
503 4727 547 4776 der
565 4726 652 4778 Stiude
669 4725 699 4776 ll
713 4740 740 4795 p.
751 4717 807 4777 397.
