<?xml version="1.0" encoding="UTF-8"?>
<!DOCTYPE html PUBLIC "-//W3C//DTD XHTML 1.0 Transitional//EN"
    "http://www.w3.org/TR/xhtml1/DTD/xhtml1-transitional.dtd">
<html xmlns="http://www.w3.org/1999/xhtml" xml:lang="en" lang="en">
 <head>
  <title>
</title>
<meta http-equiv="Content-Type" content="text/html;charset=utf-8" />
  <meta name='ocr-system' content='tesseract 3.04.00' />
  <meta name='ocr-capabilities' content='ocr_page ocr_carea ocr_par ocr_line ocrx_word'/>
</head>
<body>
  <div class='ocr_page' id='page_1' title='image "./petriapostolide00zezsgoog_0040.png"; bbox 0 0 3516 5360; ppageno 0'>
   <div class='ocr_carea' id='block_1_1' title="bbox 208 328 1084 436">
    <p class='ocr_par' dir='ltr' id='par_1_1' title="bbox 208 328 1084 436">
     <span class='ocr_line' id='line_1_1' title="bbox 208 328 1084 436; baseline -0.003 -45"><span class='ocrx_word' id='word_1_1' title='bbox 208 341 211 346; x_wconf 90' lang='lat'>&#39;</span> <span class='ocrx_word' id='word_1_2' title='bbox 323 328 365 436; x_wconf 44' lang='lat'><strong>3&#39;2</strong></span> <span class='ocrx_word' id='word_1_3' title='bbox 841 331 947 388; x_wconf 79' lang='lat' dir='ltr'><strong>lI’urn.</strong></span> <span class='ocrx_word' id='word_1_4' title='bbox 963 331 1014 400; x_wconf 91' lang='lat' dir='ltr'>III,</span> <span class='ocrx_word' id='word_1_5' title='bbox 1033 331 1084 388; x_wconf 76' lang='lat'><strong>20.</strong></span> 
     </span>
    </p>
   </div>
   <div class='ocr_carea' id='block_1_2' title="bbox 273 496 1631 2557">
    <p class='ocr_par' dir='ltr' id='par_1_2' title="bbox 273 496 1631 2557">
     <span class='ocr_line' id='line_1_2' title="bbox 273 496 1601 577; baseline 0.002 -19"><span class='ocrx_word' id='word_1_6' title='bbox 273 552 275 558; x_wconf 28' lang='lat' dir='ltr'><strong><em>s</em></strong></span> <span class='ocrx_word' id='word_1_7' title='bbox 322 497 360 559; x_wconf 93' lang='lat' dir='ltr'><strong>de</strong></span> <span class='ocrx_word' id='word_1_8' title='bbox 389 496 541 558; x_wconf 88' lang='lat' dir='ltr'><strong>tradenda</strong></span> <span class='ocrx_word' id='word_1_9' title='bbox 571 497 720 559; x_wconf 86' lang='lat' dir='ltr'><strong>doctrina.</strong></span> <span class='ocrx_word' id='word_1_10' title='bbox 770 498 855 572; x_wconf 77' lang='lat' dir='ltr'><strong>Quae</strong></span> <span class='ocrx_word' id='word_1_11' title='bbox 885 500 915 558; x_wconf 90' lang='lat' dir='ltr'><strong>in</strong></span> <span class='ocrx_word' id='word_1_12' title='bbox 945 515 1026 558; x_wconf 86' lang='lat' dir='ltr'><strong>novo</strong></span> <span class='ocrx_word' id='word_1_13' title='bbox 1054 501 1242 560; x_wconf 89' lang='lat' dir='ltr'><strong>testamento</strong></span> <span class='ocrx_word' id='word_1_14' title='bbox 1275 497 1396 559; x_wconf 83' lang='lat' dir='ltr'><strong>obviam</strong></span> <span class='ocrx_word' id='word_1_15' title='bbox 1432 503 1482 559; x_wconf 88' lang='lat' dir='ltr'><strong>est</strong></span> <span class='ocrx_word' id='word_1_16' title='bbox 1509 499 1601 577; x_wconf 85' lang='lat' dir='ltr'><strong>bujus</strong></span> 
     </span>
     <span class='ocr_line' id='line_1_3' title="bbox 321 583 1601 662; baseline 0.001 -17"><span class='ocrx_word' id='word_1_17' title='bbox 321 585 409 646; x_wconf 85' lang='lat' dir='ltr'><strong>verbi</strong></span> <span class='ocrx_word' id='word_1_18' title='bbox 431 585 524 654; x_wconf 87' lang='lat' dir='ltr'><strong>ratio,</strong></span> <span class='ocrx_word' id='word_1_19' title='bbox 548 583 631 644; x_wconf 86' lang='lat' dir='ltr'><strong>nullo</strong></span> <span class='ocrx_word' id='word_1_20' title='bbox 655 584 746 645; x_wconf 93' lang='lat' dir='ltr'><strong>modo</strong></span> <span class='ocrx_word' id='word_1_21' title='bbox 768 583 890 645; x_wconf 86' lang='lat' dir='ltr'><strong>videtur</strong></span> <span class='ocrx_word' id='word_1_22' title='bbox 920 583 998 661; x_wconf 94' lang='lat' dir='ltr'><strong>apud</strong></span> <span class='ocrx_word' id='word_1_23' title='bbox 1024 585 1159 646; x_wconf 80' lang='lat' dir='ltr'><strong>Graecos</strong></span> <span class='ocrx_word' id='word_1_24' title='bbox 1181 585 1388 662; x_wconf 76' lang='lat' dir='ltr'><strong>praeformata</strong></span> <span class='ocrx_word' id='word_1_25' title='bbox 1417 603 1498 646; x_wconf 89' lang='lat' dir='ltr'><strong>esse.</strong></span> <span class='ocrx_word' id='word_1_26' title='bbox 1544 585 1601 646; x_wconf 79' lang='lat' dir='ltr'><strong>La-</strong></span> 
     </span>
     <span class='ocr_line' id='line_1_4' title="bbox 322 669 1631 756; baseline 0.002 -26"><span class='ocrx_word' id='word_1_27' title='bbox 322 669 391 732; x_wconf 86' lang='lat' dir='ltr'><strong>dem</strong></span> <span class='ocrx_word' id='word_1_28' title='bbox 412 687 504 742; x_wconf 80' lang='lat' dir='ltr'><strong>vero,</strong></span> <span class='ocrx_word' id='word_1_29' title='bbox 527 687 606 748; x_wconf 89' lang='lat' dir='ltr'><strong>quae</strong></span> <span class='ocrx_word' id='word_1_30' title='bbox 635 669 715 746; x_wconf 90' lang='lat' dir='ltr'><strong>apud</strong></span> <span class='ocrx_word' id='word_1_31' title='bbox 737 673 872 732; x_wconf 78' lang='lat' dir='ltr'><strong>Graecos</strong></span> <span class='ocrx_word' id='word_1_32' title='bbox 895 673 1020 732; x_wconf 88' lang='lat' dir='ltr'><strong>omuino</strong></span> <span class='ocrx_word' id='word_1_33' title='bbox 1050 672 1151 732; x_wconf 90' lang='lat' dir='ltr'><strong>Iocum</strong></span> <span class='ocrx_word' id='word_1_34' title='bbox 1173 671 1267 732; x_wconf 92' lang='lat' dir='ltr'><strong>babet</strong></span> <span class='ocrx_word' id='word_1_35' title='bbox 1288 671 1374 732; x_wconf 83' lang='lat' dir='ltr'><strong>verbi</strong></span> <span class='ocrx_word' id='word_1_36' title='bbox 1402 674 1497 742; x_wconf 88' lang='lat' dir='ltr'><strong>ratio,</strong></span> <span class='ocrx_word' id='word_1_37' title='bbox 1518 673 1631 756; x_wconf 47' lang='lat' dir='ltr'><strong>natet,</strong></span> 
     </span>
     <span class='ocr_line' id='line_1_5' title="bbox 321 756 1600 834; baseline 0.002 -17"><span class='ocrx_word' id='word_1_38' title='bbox 321 759 352 818; x_wconf 89' lang='lat' dir='ltr'><strong>in</strong></span> <span class='ocrx_word' id='word_1_39' title='bbox 380 756 459 818; x_wconf 89' lang='lat' dir='ltr'><strong>LXX</strong></span> <span class='ocrx_word' id='word_1_40' title='bbox 487 756 726 832; x_wconf 90' lang='lat' dir='ltr'><strong>interpretibus;</strong></span> <span class='ocrx_word' id='word_1_41' title='bbox 756 756 786 817; x_wconf 93' lang='lat' dir='ltr'><strong>id</strong></span> <span class='ocrx_word' id='word_1_42' title='bbox 809 756 893 834; x_wconf 92' lang='lat' dir='ltr'><strong>quod</strong></span> <span class='ocrx_word' id='word_1_43' title='bbox 916 760 1025 818; x_wconf 90' lang='lat' dir='ltr'><strong>summi</strong></span> <span class='ocrx_word' id='word_1_44' title='bbox 1050 762 1100 818; x_wconf 89' lang='lat' dir='ltr'><strong>est</strong></span> <span class='ocrx_word' id='word_1_45' title='bbox 1127 758 1157 816; x_wconf 94' lang='lat' dir='ltr'><strong>in</strong></span> <span class='ocrx_word' id='word_1_46' title='bbox 1186 763 1292 818; x_wconf 90' lang='lat' dir='ltr'><strong>nostra</strong></span> <span class='ocrx_word' id='word_1_47' title='bbox 1321 773 1414 818; x_wconf 89' lang='lat' dir='ltr'><strong>causa</strong></span> <span class='ocrx_word' id='word_1_48' title='bbox 1444 761 1600 822; x_wconf 83' lang='lat' dir='ltr'><strong>momenti.</strong></span> 
     </span>
     <span class='ocr_line' id='line_1_6' title="bbox 321 841 1602 920; baseline 0.003 -20"><span class='ocrx_word' id='word_1_49' title='bbox 321 845 377 904; x_wconf 79' lang='lat' dir='ltr'><strong>Vix</strong></span> <span class='ocrx_word' id='word_1_50' title='bbox 404 845 485 903; x_wconf 79' lang='lat' dir='ltr'><strong>e&#39;uim</strong></span> <span class='ocrx_word' id='word_1_51' title='bbox 512 845 641 920; x_wconf 79' lang='lat' dir='ltr'><strong>vestigia</strong></span> <span class='ocrx_word' id='word_1_52' title='bbox 671 843 820 919; x_wconf 76' lang='lat' dir='ltr'><strong>quaedam</strong></span> <span class='ocrx_word' id='word_1_53' title='bbox 850 843 1014 918; x_wconf 80' lang='lat' dir='ltr'><strong>singularis</strong></span> <span class='ocrx_word' id='word_1_54' title='bbox 1037 842 1083 904; x_wconf 85' lang='lat' dir='ltr'><strong>Ni.</strong></span> <span class='ocrx_word' id='word_1_55' title='bbox 1103 842 1148 903; x_wconf 81' lang='lat' dir='ltr'><strong>Ti.</strong></span> <span class='ocrx_word' id='word_1_56' title='bbox 1179 861 1254 904; x_wconf 88' lang='lat' dir='ltr'><strong>usus</strong></span> <span class='ocrx_word' id='word_1_57' title='bbox 1283 841 1363 920; x_wconf 90' lang='lat' dir='ltr'><strong>apud</strong></span> <span class='ocrx_word' id='word_1_58' title='bbox 1390 843 1602 905; x_wconf 80' lang='lat' dir='ltr'><strong>idiosadsunt</strong></span> 
     </span>
     <span class='ocr_line' id='line_1_7' title="bbox 321 927 1602 1007; baseline 0 -17"><span class='ocrx_word' id='word_1_59' title='bbox 321 929 448 1005; x_wconf 78' lang='lat' dir='ltr'><strong>Legitur</strong></span> <span class='ocrx_word' id='word_1_60' title='bbox 470 930 535 990; x_wconf 83' lang='lat' dir='ltr'><strong>fere</strong></span> <span class='ocrx_word' id='word_1_61' title='bbox 560 928 596 989; x_wconf 92' lang='lat' dir='ltr'><strong>de</strong></span> <span class='ocrx_word' id='word_1_62' title='bbox 619 928 750 1006; x_wconf 86' lang='lat' dir='ltr'><strong>publicis</strong></span> <span class='ocrx_word' id='word_1_63' title='bbox 773 929 1091 1006; x_wconf 84' lang='lat' dir='ltr'><strong>pronuntiationibus,</strong></span> <span class='ocrx_word' id='word_1_64' title='bbox 1121 931 1186 989; x_wconf 89' lang='lat' dir='ltr'><strong>sive</strong></span> <span class='ocrx_word' id='word_1_65' title='bbox 1209 947 1317 1006; x_wconf 86' lang='lat' dir='ltr'><strong>regum</strong></span> <span class='ocrx_word' id='word_1_66' title='bbox 1341 927 1466 991; x_wconf 85' lang='lat' dir='ltr'><strong>decreta</strong></span> <span class='ocrx_word' id='word_1_67' title='bbox 1489 931 1602 1007; x_wconf 90' lang='lat' dir='ltr'><strong>populo</strong></span> 
     </span>
     <span class='ocr_line' id='line_1_8' title="bbox 323 1014 1601 1090; baseline 0.002 -14"><span class='ocrx_word' id='word_1_68' title='bbox 323 1017 586 1076; x_wconf 80' lang='lat' dir='ltr'><strong>communicantur</strong></span> <span class='ocrx_word' id='word_1_69' title='bbox 601 1016 693 1090; x_wconf 64' lang='lat' dir='ltr'><strong>(tien.</strong></span> <span class='ocrx_word' id='word_1_70' title='bbox 705 1014 783 1082; x_wconf 86' lang='lat' dir='ltr'>XLI,</span> <span class='ocrx_word' id='word_1_71' title='bbox 801 1017 851 1078; x_wconf 82' lang='lat'><strong>43.</strong></span> <span class='ocrx_word' id='word_1_72' title='bbox 874 1016 949 1076; x_wconf 87' lang='lat' dir='ltr'><strong>Dan.</strong></span> <span class='ocrx_word' id='word_1_73' title='bbox 962 1017 996 1086; x_wconf 95' lang='lat' dir='ltr'>V,</span> <span class='ocrx_word' id='word_1_74' title='bbox 1015 1016 1064 1078; x_wconf 79' lang='lat'><strong>29.</strong></span> <span class='ocrx_word' id='word_1_75' title='bbox 1089 1015 1149 1075; x_wconf 83' lang='lat' dir='ltr'><strong>Gir.</strong></span> <span class='ocrx_word' id='word_1_76' title='bbox 1162 1015 1216 1084; x_wconf 94' lang='grc' dir='ltr'>ΙΙΙ,</span> <span class='ocrx_word' id='word_1_77' title='bbox 1234 1019 1263 1077; x_wconf 84' lang='lat'><strong>4.</strong></span> <span class='ocrx_word' id='word_1_78' title='bbox 1287 1015 1371 1076; x_wconf 80' lang='lat' dir='ltr'><strong>Estb.</strong></span> <span class='ocrx_word' id='word_1_79' title='bbox 1386 1016 1437 1086; x_wconf 94' lang='lat' dir='ltr'>VI,</span> <span class='ocrx_word' id='word_1_80' title='bbox 1454 1018 1483 1079; x_wconf 83' lang='lat'><strong>9.</strong></span> <span class='ocrx_word' id='word_1_81' title='bbox 1506 1015 1601 1079; x_wconf 82' lang='lat' dir='ltr'><strong>Exod.</strong></span> 
     </span>
     <span class='ocr_line' id='line_1_9' title="bbox 321 1100 1604 1179; baseline 0 -17"><span class='ocrx_word' id='word_1_82' title='bbox 321 1101 454 1172; x_wconf 88' lang='lat' dir='ltr'>XXXVI,</span> <span class='ocrx_word' id='word_1_83' title='bbox 471 1105 489 1164; x_wconf 99' lang='lat'>5</span> <span class='ocrx_word' id='word_1_84' title='bbox 508 1101 646 1179; x_wconf 87' lang='lat' dir='ltr'><strong>[Moeis];</strong></span> <span class='ocrx_word' id='word_1_85' title='bbox 662 1101 733 1161; x_wconf 90' lang='lat' dir='ltr'><strong>IIos.</strong></span> <span class='ocrx_word' id='word_1_86' title='bbox 746 1102 779 1171; x_wconf 89' lang='lat' dir='ltr'><strong>V,</strong></span> <span class='ocrx_word' id='word_1_87' title='bbox 797 1103 816 1164; x_wconf 90' lang='lat'>8</span> <span class='ocrx_word' id='word_1_88' title='bbox 834 1101 940 1178; x_wconf 61' lang='lat' dir='ltr'><strong>[nerim</strong></span> <span class='ocrx_word' id='word_1_89' title='bbox 965 1104 1031 1162; x_wconf 85' lang='lat' dir='ltr'><strong>sive</strong></span> <span class='ocrx_word' id='word_1_90' title='bbox 1049 1107 1258 1162; x_wconf 85' lang='lat' dir='ltr'><strong>convocantur</strong></span> <span class='ocrx_word' id='word_1_91' title='bbox 1274 1103 1410 1170; x_wconf 83' lang='lat' dir='ltr'><strong>comitia,</strong></span> <span class='ocrx_word' id='word_1_92' title='bbox 1430 1100 1604 1163; x_wconf 88' lang='lat' dir='ltr'><strong>indicantur</strong></span> 
     </span>
     <span class='ocr_line' id='line_1_10' title="bbox 316 1187 1604 1266; baseline -0.001 -17"><span class='ocrx_word' id='word_1_93' title='bbox 316 1190 431 1266; x_wconf 85' lang='lat' dir='ltr'><strong>jejunia</strong></span> <span class='ocrx_word' id='word_1_94' title='bbox 459 1188 598 1248; x_wconf 85' lang='lat' dir='ltr'><strong>solennia</strong></span> <span class='ocrx_word' id='word_1_95' title='bbox 629 1187 767 1264; x_wconf 82' lang='lat' dir='ltr'><strong>(JoeIII,</strong></span> <span class='ocrx_word' id='word_1_96' title='bbox 791 1191 823 1261; x_wconf 87' lang='lat' dir='ltr'><strong>i;</strong></span> <span class='ocrx_word' id='word_1_97' title='bbox 851 1187 899 1256; x_wconf 86' lang='grc' dir='ltr'>ΙΙΙ,</span> <span class='ocrx_word' id='word_1_98' title='bbox 921 1189 950 1250; x_wconf 82' lang='grc'><strong>9.</strong></span> <span class='ocrx_word' id='word_1_99' title='bbox 981 1187 1128 1249; x_wconf 73' lang='lat' dir='ltr'><strong>nebron.</strong></span> <span class='ocrx_word' id='word_1_100' title='bbox 1139 1187 1241 1254; x_wconf 87' lang='lat' dir='ltr'>XXIV,</span> <span class='ocrx_word' id='word_1_101' title='bbox 1262 1188 1291 1252; x_wconf 86' lang='grc'><strong>9.</strong></span> <span class='ocrx_word' id='word_1_102' title='bbox 1323 1187 1417 1249; x_wconf 82' lang='lat' dir='ltr'><strong>Exod.</strong></span> <span class='ocrx_word' id='word_1_103' title='bbox 1435 1188 1604 1258; x_wconf 80' lang='lat' dir='ltr'>XXXIL5.</span> 
     </span>
     <span class='ocr_line' id='line_1_11' title="bbox 321 1273 1605 1352; baseline -0.001 -16"><span class='ocrx_word' id='word_1_104' title='bbox 321 1274 428 1351; x_wconf 73' lang='lat' dir='ltr'><strong>IReg.</strong></span> <span class='ocrx_word' id='word_1_105' title='bbox 442 1274 482 1344; x_wconf 91' lang='lat' dir='ltr'><strong>X,</strong></span> <span class='ocrx_word' id='word_1_106' title='bbox 502 1275 553 1336; x_wconf 81' lang='lat'><strong>20.</strong></span> <span class='ocrx_word' id='word_1_107' title='bbox 576 1274 645 1334; x_wconf 86' lang='lat' dir='ltr'><strong>Jon.</strong></span> <span class='ocrx_word' id='word_1_108' title='bbox 658 1273 714 1344; x_wconf 92' lang='lat' dir='ltr'>III,</span> <span class='ocrx_word' id='word_1_109' title='bbox 728 1278 755 1338; x_wconf 88' lang='lat'><strong>5.</strong></span> <span class='ocrx_word' id='word_1_110' title='bbox 770 1276 799 1336; x_wconf 83' lang='lat'><strong>7.</strong></span> <span class='ocrx_word' id='word_1_111' title='bbox 824 1273 915 1350; x_wconf 85' lang='lat' dir='ltr'><strong>Zepb.</strong></span> <span class='ocrx_word' id='word_1_112' title='bbox 929 1273 984 1344; x_wconf 91' lang='lat' dir='ltr'>III,</span> <span class='ocrx_word' id='word_1_113' title='bbox 1002 1277 1041 1336; x_wconf 77' lang='lat'><strong>14</strong></span> <span class='ocrx_word' id='word_1_114' title='bbox 1059 1279 1152 1350; x_wconf 88' lang='lat' dir='ltr'><strong>atque</strong></span> <span class='ocrx_word' id='word_1_115' title='bbox 1165 1275 1312 1351; x_wconf 71' lang='lat' dir='ltr'><strong>saepius).</strong></span> <span class='ocrx_word' id='word_1_116' title='bbox 1336 1273 1393 1333; x_wconf 87' lang='lat' dir='ltr'><strong>Ubi</strong></span> <span class='ocrx_word' id='word_1_117' title='bbox 1404 1291 1479 1335; x_wconf 82' lang='lat' dir='ltr'><strong>vero</strong></span> <span class='ocrx_word' id='word_1_118' title='bbox 1496 1292 1605 1352; x_wconf 88' lang='lat' dir='ltr'><strong>prae-</strong></span> 
     </span>
     <span class='ocr_line' id='line_1_12' title="bbox 322 1347 1605 1436; baseline 0.002 -17"><span class='ocrx_word' id='word_1_119' title='bbox 322 1359 475 1420; x_wconf 89' lang='lat' dir='ltr'><strong>dicandi</strong></span> <span class='ocrx_word' id='word_1_120' title='bbox 503 1361 587 1420; x_wconf 90' lang='lat' dir='ltr'><strong>notio</strong></span> <span class='ocrx_word' id='word_1_121' title='bbox 616 1359 714 1436; x_wconf 85' lang='lat' dir='ltr'><strong>qualis</strong></span> <span class='ocrx_word' id='word_1_122' title='bbox 742 1362 774 1420; x_wconf 88' lang='lat' dir='ltr'><strong>in</strong></span> <span class='ocrx_word' id='word_1_123' title='bbox 796 1358 853 1422; x_wconf 89' lang='lat' dir='ltr'><strong>No.</strong></span> <span class='ocrx_word' id='word_1_124' title='bbox 874 1360 929 1422; x_wconf 87' lang='grc' dir='ltr'><strong>Το.</strong></span> <span class='ocrx_word' id='word_1_125' title='bbox 955 1359 1064 1436; x_wconf 90' lang='lat' dir='ltr'><strong>subjici</strong></span> <span class='ocrx_word' id='word_1_126' title='bbox 1088 1358 1168 1420; x_wconf 91' lang='lat' dir='ltr'><strong>solet</strong></span> <span class='ocrx_word' id='word_1_127' title='bbox 1189 1359 1286 1420; x_wconf 88' lang='lat' dir='ltr'><strong>verbo</strong></span> <span class='ocrx_word' id='word_1_128' title='bbox 1309 1347 1473 1432; x_wconf 80' lang='grc' dir='ltr'><strong><em>κήρύσσειν</em></strong></span> <span class='ocrx_word' id='word_1_129' title='bbox 1493 1377 1605 1436; x_wconf 78' lang='lat' dir='ltr'><strong>graece</strong></span> 
     </span>
     <span class='ocr_line' id='line_1_13' title="bbox 321 1442 1601 1524; baseline -0.001 -18"><span class='ocrx_word' id='word_1_130' title='bbox 321 1444 477 1507; x_wconf 88' lang='lat' dir='ltr'><strong>reddenda</strong></span> <span class='ocrx_word' id='word_1_131' title='bbox 497 1451 578 1516; x_wconf 89' lang='lat' dir='ltr'><strong>erat,</strong></span> <span class='ocrx_word' id='word_1_132' title='bbox 594 1447 764 1522; x_wconf 90' lang='lat' dir='ltr'><strong>composita</strong></span> <span class='ocrx_word' id='word_1_133' title='bbox 782 1445 869 1505; x_wconf 88' lang='lat' dir='ltr'><strong>verbi</strong></span> <span class='ocrx_word' id='word_1_134' title='bbox 887 1442 1039 1522; x_wconf 73' lang='grc' dir='ltr'><em>ἀγγέλλειν</em></span> <span class='ocrx_word' id='word_1_135' title='bbox 1055 1447 1185 1506; x_wconf 80' lang='lat' dir='ltr'><strong>manime</strong></span> <span class='ocrx_word' id='word_1_136' title='bbox 1206 1450 1383 1508; x_wconf 89' lang='lat' dir='ltr'><strong>sumuntur:</strong></span> <span class='ocrx_word' id='word_1_137' title='bbox 1409 1443 1601 1524; x_wconf 67' lang='grc' dir='ltr'><strong><em>ἐξαγγέλλειν,</em></strong></span> 
     </span>
     <span class='ocr_line' id='line_1_14' title="bbox 320 1528 1604 1609; baseline 0.001 -18"><span class='ocrx_word' id='word_1_138' title='bbox 320 1528 526 1608; x_wconf 72' lang='grc' dir='ltr'><strong><em>ολνογγέλλεεν,</em></strong></span> <span class='ocrx_word' id='word_1_139' title='bbox 551 1528 760 1606; x_wconf 69' lang='grc' dir='ltr'><strong>ἀπαγγέλλειν,</strong></span> <span class='ocrx_word' id='word_1_140' title='bbox 784 1528 958 1607; x_wconf 75' lang='grc' dir='ltr'><strong><em>διαγέλλειν.</em></strong></span> <span class='ocrx_word' id='word_1_141' title='bbox 996 1532 1046 1592; x_wconf 85' lang='lat' dir='ltr'><strong>Sic</strong></span> <span class='ocrx_word' id='word_1_142' title='bbox 1069 1528 1265 1607; x_wconf 78' lang='grc' dir='ltr'><strong><em>ἀναγγείλατε</em></strong></span> <span class='ocrx_word' id='word_1_143' title='bbox 1285 1530 1441 1609; x_wconf 73' lang='grc' dir='ltr'><strong>σωτηρίαν</strong></span> <span class='ocrx_word' id='word_1_144' title='bbox 1463 1533 1604 1594; x_wconf 79' lang='lat' dir='ltr'><strong>IGbron.</strong></span> 
     </span>
     <span class='ocr_line' id='line_1_15' title="bbox 320 1611 1603 1695; baseline -0.001 -16"><span class='ocrx_word' id='word_1_145' title='bbox 320 1618 400 1689; x_wconf 81' lang='lat' dir='ltr'>XVI,</span> <span class='ocrx_word' id='word_1_146' title='bbox 420 1617 470 1681; x_wconf 76' lang='grc'><strong>23.</strong></span> <span class='ocrx_word' id='word_1_147' title='bbox 494 1616 604 1678; x_wconf 81' lang='lat' dir='ltr'><strong>Psalm.</strong></span> <span class='ocrx_word' id='word_1_148' title='bbox 620 1616 727 1688; x_wconf 88' lang='lat' dir='ltr'>LXXI,</span> <span class='ocrx_word' id='word_1_149' title='bbox 751 1621 803 1685; x_wconf 89' lang='lat'><strong>15,</strong></span> <span class='ocrx_word' id='word_1_150' title='bbox 828 1615 883 1695; x_wconf 84' lang='grc' dir='ltr'><strong>τὴν</strong></span> <span class='ocrx_word' id='word_1_151' title='bbox 907 1611 1028 1694; x_wconf 70' lang='grc' dir='ltr'><strong><em>εἰρήνην</em></strong></span> <span class='ocrx_word' id='word_1_152' title='bbox 1050 1616 1126 1679; x_wconf 89' lang='lat' dir='ltr'><strong>Nah.</strong></span> <span class='ocrx_word' id='word_1_153' title='bbox 1142 1618 1169 1689; x_wconf 92' lang='lat' dir='ltr'>I,</span> <span class='ocrx_word' id='word_1_154' title='bbox 1193 1622 1243 1688; x_wconf 85' lang='lat'><strong>15,</strong></span> <span class='ocrx_word' id='word_1_155' title='bbox 1269 1614 1312 1676; x_wconf 78' lang='grc' dir='ltr'><strong>,τὰ</strong></span> <span class='ocrx_word' id='word_1_156' title='bbox 1336 1612 1503 1692; x_wconf 69' lang='grc' dir='ltr'><strong><em>θαυμάσια</em></strong></span> <span class='ocrx_word' id='word_1_157' title='bbox 1525 1621 1603 1678; x_wconf 71' lang='grc' dir='ltr'><strong><em>θεοῦ</em></strong></span> 
     </span>
     <span class='ocr_line' id='line_1_16' title="bbox 320 1697 1605 1780; baseline 0.002 -16"><span class='ocrx_word' id='word_1_158' title='bbox 320 1705 430 1765; x_wconf 90' lang='lat' dir='ltr'><strong>Psalm.</strong></span> <span class='ocrx_word' id='word_1_159' title='bbox 445 1703 551 1775; x_wconf 91' lang='lat' dir='ltr'>LXXI,</span> <span class='ocrx_word' id='word_1_160' title='bbox 569 1703 686 1774; x_wconf 62' lang='lat'>1518,</span> <span class='ocrx_word' id='word_1_161' title='bbox 711 1703 853 1764; x_wconf 88' lang='lat' dir='ltr'><strong>similiter</strong></span> <span class='ocrx_word' id='word_1_162' title='bbox 868 1703 917 1764; x_wconf 89' lang='lat' dir='ltr'><strong>Ps.</strong></span> <span class='ocrx_word' id='word_1_163' title='bbox 931 1703 985 1770; x_wconf 86' lang='grc' dir='ltr'>ΙΙΙ,</span> <span class='ocrx_word' id='word_1_164' title='bbox 1008 1705 1062 1778; x_wconf 80' lang='lat'><strong>12;</strong></span> <span class='ocrx_word' id='word_1_165' title='bbox 1084 1700 1141 1780; x_wconf 88' lang='grc' dir='ltr'><strong>τήν</strong></span> <span class='ocrx_word' id='word_1_166' title='bbox 1164 1697 1360 1777; x_wconf 77' lang='grc' dir='ltr'><strong><em>δικαιοσύνην</em></strong></span> <span class='ocrx_word' id='word_1_167' title='bbox 1382 1704 1431 1764; x_wconf 90' lang='lat' dir='ltr'><strong>Ps.</strong></span> <span class='ocrx_word' id='word_1_168' title='bbox 1444 1705 1537 1777; x_wconf 88' lang='lat' dir='ltr'>XXII,</span> <span class='ocrx_word' id='word_1_169' title='bbox 1554 1706 1605 1775; x_wconf 80' lang='lat'><strong>32,</strong></span> 
     </span>
     <span class='ocr_line' id='line_1_17' title="bbox 321 1785 1604 1866; baseline 0.002 -17"><span class='ocrx_word' id='word_1_170' title='bbox 321 1790 356 1849; x_wconf 82' lang='grc' dir='ltr'><strong>τὸ</strong></span> <span class='ocrx_word' id='word_1_171' title='bbox 380 1785 480 1865; x_wconf 77' lang='grc' dir='ltr'><strong><em>ὄνομα</em></strong></span> <span class='ocrx_word' id='word_1_172' title='bbox 503 1789 609 1863; x_wconf 83' lang='grc' dir='ltr'><strong><em>κυρίου</em></strong></span> <span class='ocrx_word' id='word_1_173' title='bbox 632 1788 793 1862; x_wconf 79' lang='lat' dir='ltr'>ExodIX,</span> <span class='ocrx_word' id='word_1_174' title='bbox 812 1793 865 1862; x_wconf 87' lang='grc'><strong>16,</strong></span> <span class='ocrx_word' id='word_1_175' title='bbox 896 1787 951 1866; x_wconf 86' lang='grc' dir='ltr'><strong>τήν</strong></span> <span class='ocrx_word' id='word_1_176' title='bbox 973 1785 1088 1850; x_wconf 72' lang='grc' dir='ltr'><strong><em>αἶ’νεσεν</em></strong></span> <span class='ocrx_word' id='word_1_177' title='bbox 1110 1792 1166 1850; x_wconf 80' lang='grc' dir='ltr'><strong>τοῦ</strong></span> <span class='ocrx_word' id='word_1_178' title='bbox 1189 1788 1296 1866; x_wconf 80' lang='grc' dir='ltr'><strong><em>κυρίου</em></strong></span> <span class='ocrx_word' id='word_1_179' title='bbox 1318 1790 1369 1850; x_wconf 86' lang='lat' dir='ltr'><strong>Ps.</strong></span> <span class='ocrx_word' id='word_1_180' title='bbox 1384 1789 1436 1861; x_wconf 92' lang='lat' dir='ltr'>LI,</span> <span class='ocrx_word' id='word_1_181' title='bbox 1459 1792 1506 1853; x_wconf 85' lang='grc'><strong>17.</strong></span> <span class='ocrx_word' id='word_1_182' title='bbox 1536 1791 1604 1852; x_wconf 79' lang='lat' dir='ltr'><strong>JeS.</strong></span> 
     </span>
     <span class='ocr_line' id='line_1_18' title="bbox 321 1874 1607 1953; baseline -0.001 -16"><span class='ocrx_word' id='word_1_183' title='bbox 321 1876 390 1943; x_wconf 87' lang='lat' dir='ltr'>XII,</span> <span class='ocrx_word' id='word_1_184' title='bbox 407 1879 435 1938; x_wconf 82' lang='lat'><strong>4.</strong></span> <span class='ocrx_word' id='word_1_185' title='bbox 469 1875 525 1936; x_wconf 91' lang='lat' dir='ltr'><strong>Ubi</strong></span> <span class='ocrx_word' id='word_1_186' title='bbox 540 1874 588 1936; x_wconf 84' lang='lat' dir='ltr'><strong>-de</strong></span> <span class='ocrx_word' id='word_1_187' title='bbox 612 1875 782 1953; x_wconf 90' lang='lat' dir='ltr'><strong>prophetae</strong></span> <span class='ocrx_word' id='word_1_188' title='bbox 805 1875 935 1936; x_wconf 89' lang='lat' dir='ltr'><strong>docendi</strong></span> <span class='ocrx_word' id='word_1_189' title='bbox 955 1893 1082 1936; x_wconf 90' lang='lat' dir='ltr'><strong>munere</strong></span> <span class='ocrx_word' id='word_1_190' title='bbox 1102 1877 1242 1937; x_wconf 87' lang='lat' dir='ltr'><strong>absolute</strong></span> <span class='ocrx_word' id='word_1_191' title='bbox 1260 1878 1387 1952; x_wconf 90' lang='lat' dir='ltr'><strong>ponitur</strong></span> <span class='ocrx_word' id='word_1_192' title='bbox 1405 1877 1533 1938; x_wconf 85' lang='lat' dir='ltr'><strong>verbum</strong></span> <span class='ocrx_word' id='word_1_193' title='bbox 1552 1878 1607 1937; x_wconf 85' lang='lat' dir='ltr'><strong>ba-</strong></span> 
     </span>
     <span class='ocr_line' id='line_1_19' title="bbox 321 1961 1608 2040; baseline 0.002 -19"><span class='ocrx_word' id='word_1_194' title='bbox 321 1962 395 2022; x_wconf 90' lang='lat' dir='ltr'><strong>bent</strong></span> <span class='ocrx_word' id='word_1_195' title='bbox 418 1963 518 2021; x_wconf 78' lang='grc' dir='ltr'><strong><em>λαλεΐν</em></strong></span> <span class='ocrx_word' id='word_1_196' title='bbox 542 1966 608 2039; x_wconf 64' lang='lat' dir='ltr'><strong>(naq</strong></span> <span class='ocrx_word' id='word_1_197' title='bbox 629 1963 744 2023; x_wconf 85' lang='lat' dir='ltr'><strong>Jerem.</strong></span> <span class='ocrx_word' id='word_1_198' title='bbox 758 1961 784 2035; x_wconf 90' lang='lat' dir='ltr'>I,</span> <span class='ocrx_word' id='word_1_199' title='bbox 801 1964 828 2025; x_wconf 86' lang='grc'><strong>6.</strong></span> <span class='ocrx_word' id='word_1_200' title='bbox 852 1962 920 2032; x_wconf 85' lang='lat' dir='ltr'><strong>XX,</strong></span> <span class='ocrx_word' id='word_1_201' title='bbox 934 1964 965 2032; x_wconf 81' lang='lat'><strong>9)</strong></span> <span class='ocrx_word' id='word_1_202' title='bbox 991 1962 1037 2022; x_wconf 82' lang='lat' dir='ltr'><strong>vei</strong></span> <span class='ocrx_word' id='word_1_203' title='bbox 1061 1964 1152 2023; x_wconf 88' lang='lat' dir='ltr'><strong>etiam</strong></span> <span class='ocrx_word' id='word_1_204' title='bbox 1176 1963 1255 2030; x_wconf 73' lang='lat' dir='ltr'><strong>dodo</strong></span> <span class='ocrx_word' id='word_1_205' title='bbox 1274 1962 1359 2040; x_wconf 60' lang='grc' dir='ltr'><strong><em>(κηρὶ</em></strong></span> <span class='ocrx_word' id='word_1_206' title='bbox 1380 1962 1432 2024; x_wconf 90' lang='lat' dir='ltr'><strong>nbi</strong></span> <span class='ocrx_word' id='word_1_207' title='bbox 1453 1969 1501 2023; x_wconf 86' lang='lat' dir='ltr'><strong>est</strong></span> <span class='ocrx_word' id='word_1_208' title='bbox 1518 1981 1608 2039; x_wconf 90' lang='lat' dir='ltr'><strong>prae·</strong></span> 
     </span>
     <span class='ocr_line' id='line_1_20' title="bbox 322 2046 1481 2126; baseline 0.003 -18"><span class='ocrx_word' id='word_1_209' title='bbox 322 2047 424 2108; x_wconf 85' lang='lat' dir='ltr'><strong>dicare</strong></span> <span class='ocrx_word' id='word_1_210' title='bbox 448 2048 507 2107; x_wconf 87' lang='lat' dir='ltr'><strong>alta</strong></span> <span class='ocrx_word' id='word_1_211' title='bbox 530 2065 606 2109; x_wconf 86' lang='lat' dir='ltr'><strong>voce</strong></span> <span class='ocrx_word' id='word_1_212' title='bbox 630 2055 661 2108; x_wconf 91' lang='lat' dir='ltr'><strong>et</strong></span> <span class='ocrx_word' id='word_1_213' title='bbox 683 2047 804 2125; x_wconf 86' lang='lat' dir='ltr'><strong>publica</strong></span> <span class='ocrx_word' id='word_1_214' title='bbox 827 2049 1010 2109; x_wconf 87' lang='lat' dir='ltr'><strong>auctoritate</strong></span> <span class='ocrx_word' id='word_1_215' title='bbox 1034 2049 1110 2126; x_wconf 79' lang='lat' dir='ltr'><strong>(des.</strong></span> <span class='ocrx_word' id='word_1_216' title='bbox 1123 2047 1188 2116; x_wconf 89' lang='lat' dir='ltr'><strong>XL,</strong></span> <span class='ocrx_word' id='word_1_217' title='bbox 1205 2049 1232 2112; x_wconf 88' lang='lat'><strong>3.</strong></span> <span class='ocrx_word' id='word_1_218' title='bbox 1246 2050 1274 2111; x_wconf 87' lang='grc'><strong>6.</strong></span> <span class='ocrx_word' id='word_1_219' title='bbox 1298 2046 1401 2119; x_wconf 88' lang='lat' dir='ltr'>LVIII,</span> <span class='ocrx_word' id='word_1_220' title='bbox 1420 2050 1481 2122; x_wconf 87' lang='lat'><strong>1).¹</strong></span> 
     </span>
     <span class='ocr_line' id='line_1_21' title="bbox 407 2129 1608 2212; baseline 0.002 -18"><span class='ocrx_word' id='word_1_221' title='bbox 407 2132 525 2208; x_wconf 78' lang='lat' dir='ltr'><strong>Quodsi</strong></span> <span class='ocrx_word' id='word_1_222' title='bbox 548 2151 616 2194; x_wconf 92' lang='lat' dir='ltr'><strong>oum</strong></span> <span class='ocrx_word' id='word_1_223' title='bbox 641 2139 726 2195; x_wconf 85' lang='lat' dir='ltr'><strong>tanto</strong></span> <span class='ocrx_word' id='word_1_224' title='bbox 751 2136 890 2195; x_wconf 88' lang='lat' dir='ltr'><strong>Iocorum</strong></span> <span class='ocrx_word' id='word_1_225' title='bbox 913 2151 1041 2195; x_wconf 89' lang='lat' dir='ltr'><strong>numero</strong></span> <span class='ocrx_word' id='word_1_226' title='bbox 1068 2134 1138 2195; x_wconf 90' lang='lat' dir='ltr'><strong>iilos</strong></span> <span class='ocrx_word' id='word_1_227' title='bbox 1156 2135 1397 2211; x_wconf 89' lang='lat' dir='ltr'><strong>comparaveris,</strong></span> <span class='ocrx_word' id='word_1_228' title='bbox 1422 2134 1475 2195; x_wconf 92' lang='lat' dir='ltr'><strong>ubi</strong></span> <span class='ocrx_word' id='word_1_229' title='bbox 1493 2129 1608 2212; x_wconf 75' lang='grc' dir='ltr'><strong><em>κηριλο·</em></strong></span> 
     </span>
     <span class='ocr_line' id='line_1_22' title="bbox 322 2218 1607 2298; baseline 0.001 -18"><span class='ocrx_word' id='word_1_230' title='bbox 322 2239 385 2280; x_wconf 90' lang='grc' dir='ltr'><strong><em>σειν</em></strong></span> <span class='ocrx_word' id='word_1_231' title='bbox 405 2220 533 2280; x_wconf 89' lang='lat' dir='ltr'><strong>verbum</strong></span> <span class='ocrx_word' id='word_1_232' title='bbox 556 2218 662 2281; x_wconf 89' lang='lat' dir='ltr'><strong>eadem</strong></span> <span class='ocrx_word' id='word_1_233' title='bbox 685 2237 746 2297; x_wconf 90' lang='lat' dir='ltr'><strong>qua</strong></span> <span class='ocrx_word' id='word_1_234' title='bbox 768 2223 799 2280; x_wconf 91' lang='lat' dir='ltr'><strong>in</strong></span> <span class='ocrx_word' id='word_1_235' title='bbox 815 2219 937 2280; x_wconf 84' lang='grc' dir='ltr'><strong><em>ΝοΤο.</em></strong></span> <span class='ocrx_word' id='word_1_236' title='bbox 959 2220 1039 2280; x_wconf 89' lang='lat' dir='ltr'><strong>solet</strong></span> <span class='ocrx_word' id='word_1_237' title='bbox 1062 2224 1092 2280; x_wconf 89' lang='lat' dir='ltr'><strong>vi</strong></span> <span class='ocrx_word' id='word_1_238' title='bbox 1108 2227 1291 2298; x_wconf 90' lang='lat' dir='ltr'><strong>usurpatum</strong></span> <span class='ocrx_word' id='word_1_239' title='bbox 1313 2219 1462 2293; x_wconf 87' lang='lat' dir='ltr'><strong>videatur,</strong></span> <span class='ocrx_word' id='word_1_240' title='bbox 1486 2226 1518 2281; x_wconf 87' lang='lat' dir='ltr'><strong>et</strong></span> <span class='ocrx_word' id='word_1_241' title='bbox 1534 2239 1607 2298; x_wconf 88' lang='lat' dir='ltr'><strong>per-</strong></span> 
     </span>
     <span class='ocr_line' id='line_1_23' title="bbox 323 2305 1607 2383; baseline 0.002 -17"><span class='ocrx_word' id='word_1_242' title='bbox 323 2309 412 2383; x_wconf 86' lang='lat' dir='ltr'><strong>pauci</strong></span> <span class='ocrx_word' id='word_1_243' title='bbox 435 2313 553 2367; x_wconf 88' lang='lat' dir='ltr'><strong>suntet</strong></span> <span class='ocrx_word' id='word_1_244' title='bbox 574 2309 685 2382; x_wconf 87' lang='lat' dir='ltr'><strong>partim</strong></span> <span class='ocrx_word' id='word_1_245' title='bbox 702 2305 739 2366; x_wconf 89' lang='lat' dir='ltr'><strong>ad</strong></span> <span class='ocrx_word' id='word_1_246' title='bbox 756 2307 963 2367; x_wconf 87' lang='lat' dir='ltr'><strong>universatem</strong></span> <span class='ocrx_word' id='word_1_247' title='bbox 981 2323 1072 2367; x_wconf 90' lang='lat' dir='ltr'><strong>usum</strong></span> <span class='ocrx_word' id='word_1_248' title='bbox 1090 2306 1264 2367; x_wconf 88' lang='lat' dir='ltr'><strong>revocandi.</strong></span> <span class='ocrx_word' id='word_1_249' title='bbox 1299 2305 1349 2366; x_wconf 89' lang='lat' dir='ltr'><strong>Sic</strong></span> <span class='ocrx_word' id='word_1_250' title='bbox 1365 2306 1448 2383; x_wconf 89' lang='lat' dir='ltr'><strong>quod</strong></span> <span class='ocrx_word' id='word_1_251' title='bbox 1465 2323 1607 2368; x_wconf 85' lang='lat' dir='ltr'><strong>nonnun-</strong></span> 
     </span>
     <span class='ocr_line' id='line_1_24' title="bbox 323 2388 1605 2471; baseline 0 -19"><span class='ocrx_word' id='word_1_252' title='bbox 323 2409 414 2470; x_wconf 89' lang='lat' dir='ltr'><strong>quam</strong></span> <span class='ocrx_word' id='word_1_253' title='bbox 442 2394 472 2453; x_wconf 92' lang='lat' dir='ltr'><strong>in</strong></span> <span class='ocrx_word' id='word_1_254' title='bbox 496 2392 551 2457; x_wconf 85' lang='lat' dir='ltr'><strong>No.</strong></span> <span class='ocrx_word' id='word_1_255' title='bbox 571 2393 626 2456; x_wconf 88' lang='lat' dir='ltr'><strong>To.</strong></span> <span class='ocrx_word' id='word_1_256' title='bbox 651 2395 804 2469; x_wconf 87' lang='lat' dir='ltr'><strong>repetitur</strong></span> <span class='ocrx_word' id='word_1_257' title='bbox 831 2390 945 2453; x_wconf 91' lang='lat' dir='ltr'><strong>dietum</strong></span> <span class='ocrx_word' id='word_1_258' title='bbox 965 2394 1104 2468; x_wconf 86' lang='lat' dir='ltr'><strong>Jesajae:</strong></span> <span class='ocrx_word' id='word_1_259' title='bbox 1134 2388 1308 2452; x_wconf 73' lang='grc' dir='ltr'><strong><em>ἀνέσταλιιέ</em></strong></span> <span class='ocrx_word' id='word_1_260' title='bbox 1334 2413 1372 2465; x_wconf 85' lang='grc' dir='ltr'><strong><em>με</em></strong></span> <span class='ocrx_word' id='word_1_261' title='bbox 1401 2389 1530 2471; x_wconf 78' lang='grc' dir='ltr'><strong><em>κηρύξαι</em></strong></span> <span class='ocrx_word' id='word_1_262' title='bbox 1555 2393 1605 2452; x_wconf 82' lang='lat' dir='ltr'><strong>ai-</strong></span> 
     </span>
     <span class='ocr_line' id='line_1_25' title="bbox 321 2471 1606 2557; baseline 0.003 -22"><span class='ocrx_word' id='word_1_263' title='bbox 321 2471 498 2554; x_wconf 83' lang='grc' dir='ltr'><strong><em>χμαλώτοις</em></strong></span> <span class='ocrx_word' id='word_1_264' title='bbox 514 2474 624 2555; x_wconf 75' lang='grc' dir='ltr'><strong><em>ἄφεσιν</em></strong></span> <span class='ocrx_word' id='word_1_265' title='bbox 637 2478 686 2537; x_wconf 80' lang='grc' dir='ltr'><strong>καλ</strong></span> <span class='ocrx_word' id='word_1_266' title='bbox 701 2481 830 2557; x_wconf 83' lang='grc' dir='ltr'><strong><em>τυφλοῖς</em></strong></span> <span class='ocrx_word' id='word_1_267' title='bbox 844 2475 1032 2552; x_wconf 74' lang='grc' dir='ltr'><strong>ἀνάβλεψιν,</strong></span> <span class='ocrx_word' id='word_1_268' title='bbox 1057 2476 1184 2537; x_wconf 71' lang='grc' dir='ltr'><strong><em>καλέσαν</em></strong></span> <span class='ocrx_word' id='word_1_269' title='bbox 1208 2475 1350 2538; x_wconf 69' lang='grc' dir='ltr'><strong><em>ἐνιαυτὸν</em></strong></span> <span class='ocrx_word' id='word_1_270' title='bbox 1373 2477 1480 2550; x_wconf 75' lang='grc' dir='ltr'><strong><em>κυρίου</em></strong></span> <span class='ocrx_word' id='word_1_271' title='bbox 1497 2473 1606 2539; x_wconf 77' lang='grc' dir='ltr'><strong><em>δεκτόν</em></strong></span> 
     </span>
    </p>
   </div>
   <div class='ocr_carea' id='block_1_3' title="bbox 324 2563 1734 2642">
    <p class='ocr_par' dir='ltr' id='par_1_3' title="bbox 324 2563 1734 2642">
     <span class='ocr_line' id='line_1_26' title="bbox 324 2563 1734 2642; baseline 0.001 -17"><span class='ocrx_word' id='word_1_272' title='bbox 324 2564 415 2638; x_wconf 91' lang='lat' dir='ltr'>(LXI,</span> <span class='ocrx_word' id='word_1_273' title='bbox 431 2568 457 2626; x_wconf 89' lang='lat' dir='ltr'><strong>i.</strong></span> <span class='ocrx_word' id='word_1_274' title='bbox 471 2565 512 2640; x_wconf 80' lang='lat'><strong>2.)</strong></span> <span class='ocrx_word' id='word_1_275' title='bbox 530 2564 791 2627; x_wconf 88' lang='lat' dir='ltr'><strong>accommodatum</strong></span> <span class='ocrx_word' id='word_1_276' title='bbox 805 2563 926 2626; x_wconf 89' lang='lat' dir='ltr'><strong>videtur</strong></span> <span class='ocrx_word' id='word_1_277' title='bbox 941 2565 1066 2641; x_wconf 90' lang='lat' dir='ltr'><strong>proprio</strong></span> <span class='ocrx_word' id='word_1_278' title='bbox 1086 2565 1179 2640; x_wconf 88' lang='lat' dir='ltr'><strong>hujus</strong></span> <span class='ocrx_word' id='word_1_279' title='bbox 1194 2565 1282 2625; x_wconf 85' lang='lat' dir='ltr'><strong>verbi</strong></span> <span class='ocrx_word' id='word_1_280' title='bbox 1300 2567 1378 2625; x_wconf 90' lang='lat' dir='ltr'><strong>usui.</strong></span> <span class='ocrx_word' id='word_1_281' title='bbox 1408 2565 1453 2626; x_wconf 87' lang='lat' dir='ltr'><strong>De</strong></span> <span class='ocrx_word' id='word_1_282' title='bbox 1470 2567 1607 2642; x_wconf 83' lang='lat' dir='ltr'><strong>captivo·</strong></span> <span class='ocrx_word' id='word_1_283' title='bbox 1729 2579 1734 2586; x_wconf 88' lang='grc'><strong><em>·</em></strong></span> 
     </span>
    </p>
   </div>
   <div class='ocr_carea' id='block_1_4' title="bbox 252 2650 1610 3676">
    <p class='ocr_par' dir='ltr' id='par_1_4' title="bbox 252 2650 1610 3676">
     <span class='ocr_line' id='line_1_27' title="bbox 324 2650 1608 2728; baseline 0.002 -18"><span class='ocrx_word' id='word_1_284' title='bbox 324 2669 391 2712; x_wconf 87' lang='lat' dir='ltr'><strong>rum</strong></span> <span class='ocrx_word' id='word_1_285' title='bbox 414 2653 653 2712; x_wconf 86' lang='lat' dir='ltr'><strong>manumissione</strong></span> <span class='ocrx_word' id='word_1_286' title='bbox 677 2655 806 2712; x_wconf 82' lang='lat' dir='ltr'><strong>maxime</strong></span> <span class='ocrx_word' id='word_1_287' title='bbox 826 2668 930 2712; x_wconf 84' lang='lat' dir='ltr'><strong>sermo</strong></span> <span class='ocrx_word' id='word_1_288' title='bbox 955 2656 1017 2721; x_wconf 90' lang='lat' dir='ltr'><strong>est,</strong></span> <span class='ocrx_word' id='word_1_289' title='bbox 1042 2668 1121 2728; x_wconf 90' lang='lat' dir='ltr'><strong>quae</strong></span> <span class='ocrx_word' id='word_1_290' title='bbox 1145 2651 1239 2727; x_wconf 84' lang='lat' dir='ltr'><strong>quum</strong></span> <span class='ocrx_word' id='word_1_291' title='bbox 1267 2650 1370 2726; x_wconf 72' lang='lat' dir='ltr'><strong>regaie</strong></span> <span class='ocrx_word' id='word_1_292' title='bbox 1401 2650 1543 2728; x_wconf 84' lang='lat' dir='ltr'><strong>quiddam</strong></span> <span class='ocrx_word' id='word_1_293' title='bbox 1566 2654 1608 2713; x_wconf 88' lang='lat' dir='ltr'><strong>sit</strong></span> 
     </span>
     <span class='ocr_line' id='line_1_28' title="bbox 322 2736 1609 2818; baseline 0 -20"><span class='ocrx_word' id='word_1_294' title='bbox 322 2739 496 2798; x_wconf 86' lang='lat' dir='ltr'><strong>annuntiari</strong></span> <span class='ocrx_word' id='word_1_295' title='bbox 516 2739 603 2818; x_wconf 72' lang='lat' dir='ltr'><strong>qupsi</strong></span> <span class='ocrx_word' id='word_1_296' title='bbox 626 2754 683 2814; x_wconf 92' lang='lat' dir='ltr'><strong>per</strong></span> <span class='ocrx_word' id='word_1_297' title='bbox 705 2754 891 2813; x_wconf 89' lang='lat' dir='ltr'><strong>praeconem</strong></span> <span class='ocrx_word' id='word_1_298' title='bbox 913 2739 1071 2814; x_wconf 88' lang='lat' dir='ltr'><strong>aptissime</strong></span> <span class='ocrx_word' id='word_1_299' title='bbox 1096 2736 1215 2797; x_wconf 88' lang='lat' dir='ltr'><strong>dicitur.</strong></span> <span class='ocrx_word' id='word_1_300' title='bbox 1251 2738 1334 2797; x_wconf 82' lang='lat' dir='ltr'><strong>Alias</strong></span> <span class='ocrx_word' id='word_1_301' title='bbox 1357 2754 1432 2797; x_wconf 89' lang='lat' dir='ltr'><strong>sane</strong></span> <span class='ocrx_word' id='word_1_302' title='bbox 1447 2736 1485 2797; x_wconf 93' lang='lat' dir='ltr'><strong>de</strong></span> <span class='ocrx_word' id='word_1_303' title='bbox 1501 2737 1609 2798; x_wconf 89' lang='lat' dir='ltr'><strong>eadem</strong></span> 
     </span>
     <span class='ocr_line' id='line_1_29' title="bbox 321 2821 1607 2902; baseline 0.001 -19"><span class='ocrx_word' id='word_1_304' title='bbox 321 2824 387 2883; x_wconf 84' lang='lat' dir='ltr'><strong>iere</strong></span> <span class='ocrx_word' id='word_1_305' title='bbox 410 2839 443 2883; x_wconf 87' lang='lat' dir='ltr'><strong>re</strong></span> <span class='ocrx_word' id='word_1_306' title='bbox 466 2824 581 2902; x_wconf 80' lang='lat' dir='ltr'><strong>iegitur</strong></span> <span class='ocrx_word' id='word_1_307' title='bbox 602 2825 703 2882; x_wconf 79' lang='grc' dir='ltr'><strong><em>καλεῖν</em></strong></span> <span class='ocrx_word' id='word_1_308' title='bbox 727 2823 841 2884; x_wconf 80' lang='lat' dir='ltr'><strong>derem.</strong></span> <span class='ocrx_word' id='word_1_309' title='bbox 861 2823 926 2882; x_wconf 91' lang='lat' dir='ltr'>XLI</span> <span class='ocrx_word' id='word_1_310' title='bbox 950 2825 1005 2896; x_wconf 82' lang='lat' dir='ltr'><strong>(ex</strong></span> <span class='ocrx_word' id='word_1_311' title='bbox 1027 2824 1209 2885; x_wconf 88' lang='lat' dir='ltr'><strong>recensione</strong></span> <span class='ocrx_word' id='word_1_312' title='bbox 1232 2822 1326 2897; x_wconf 87' lang='lat' dir='ltr'>LXX;</span> <span class='ocrx_word' id='word_1_313' title='bbox 1356 2821 1442 2886; x_wconf 81' lang='lat' dir='ltr'><strong>bebr.</strong></span> <span class='ocrx_word' id='word_1_314' title='bbox 1460 2823 1607 2899; x_wconf 81' lang='lat' dir='ltr'>XXXIV),</span> 
     </span>
     <span class='ocr_line' id='line_1_30' title="bbox 323 2907 1608 2988; baseline -0.002 -14"><span class='ocrx_word' id='word_1_315' title='bbox 323 2910 351 2974; x_wconf 87' lang='grc'><strong>8.</strong></span> <span class='ocrx_word' id='word_1_316' title='bbox 370 2912 417 2972; x_wconf 85' lang='lat'><strong>15.</strong></span> <span class='ocrx_word' id='word_1_317' title='bbox 435 2912 481 2972; x_wconf 83' lang='grc' dir='ltr'><strong>ΙΙ.</strong></span> <span class='ocrx_word' id='word_1_318' title='bbox 512 2908 627 2971; x_wconf 83' lang='lat' dir='ltr'><strong>Eodem</strong></span> <span class='ocrx_word' id='word_1_319' title='bbox 645 2908 734 2970; x_wconf 89' lang='lat' dir='ltr'><strong>modo</strong></span> <span class='ocrx_word' id='word_1_320' title='bbox 757 2907 880 2970; x_wconf 86' lang='lat' dir='ltr'><strong>videtur</strong></span> <span class='ocrx_word' id='word_1_321' title='bbox 901 2909 1021 2970; x_wconf 88' lang='lat' dir='ltr'><strong>Michae</strong></span> <span class='ocrx_word' id='word_1_322' title='bbox 1044 2910 1131 2970; x_wconf 89' lang='lat' dir='ltr'><strong>iocus</strong></span> <span class='ocrx_word' id='word_1_323' title='bbox 1148 2916 1343 2987; x_wconf 87' lang='lat' dir='ltr'><strong>comparatus</strong></span> <span class='ocrx_word' id='word_1_324' title='bbox 1367 2926 1454 2980; x_wconf 92' lang='lat' dir='ltr'><strong>esse,</strong></span> <span class='ocrx_word' id='word_1_325' title='bbox 1470 2909 1523 2971; x_wconf 89' lang='lat' dir='ltr'><strong>ubi</strong></span> <span class='ocrx_word' id='word_1_326' title='bbox 1537 2927 1608 2988; x_wconf 91' lang='lat' dir='ltr'><strong>pro-</strong></span> 
     </span>
     <span class='ocr_line' id='line_1_31' title="bbox 323 2989 1607 3073; baseline 0.001 -17"><span class='ocrx_word' id='word_1_327' title='bbox 323 2997 432 3072; x_wconf 90' lang='lat' dir='ltr'><strong>pbetas</strong></span> <span class='ocrx_word' id='word_1_328' title='bbox 454 2995 637 3072; x_wconf 84' lang='lat' dir='ltr'><strong>vaniloquos</strong></span> <span class='ocrx_word' id='word_1_329' title='bbox 661 2990 876 3072; x_wconf 81' lang='grc' dir='ltr'><strong><em>κηρύσσοντας</em></strong></span> <span class='ocrx_word' id='word_1_330' title='bbox 898 2989 1021 3073; x_wconf 76' lang='grc' dir='ltr'><strong><em>εἰρήνην</em></strong></span> <span class='ocrx_word' id='word_1_331' title='bbox 1042 2997 1180 3073; x_wconf 86' lang='lat' dir='ltr'><strong>increpat</strong></span> <span class='ocrx_word' id='word_1_332' title='bbox 1203 2996 1275 3071; x_wconf 88' lang='lat' dir='ltr'>(III,</span> <span class='ocrx_word' id='word_1_333' title='bbox 1299 2998 1356 3068; x_wconf 76' lang='lat'><strong>5),</strong></span> <span class='ocrx_word' id='word_1_334' title='bbox 1388 3013 1495 3072; x_wconf 92' lang='lat' dir='ltr'><strong>pacem</strong></span> <span class='ocrx_word' id='word_1_335' title='bbox 1522 2998 1607 3057; x_wconf 89' lang='lat' dir='ltr'><strong>euim</strong></span> 
     </span>
     <span class='ocr_line' id='line_1_32' title="bbox 322 3080 1605 3158; baseline -0.001 -16"><span class='ocrx_word' id='word_1_336' title='bbox 322 3085 522 3158; x_wconf 88' lang='lat' dir='ltr'><strong>pronuntiare</strong></span> <span class='ocrx_word' id='word_1_337' title='bbox 544 3087 593 3142; x_wconf 90' lang='lat' dir='ltr'><strong>est</strong></span> <span class='ocrx_word' id='word_1_338' title='bbox 615 3083 786 3158; x_wconf 88' lang='lat' dir='ltr'><strong>praeconis.</strong></span> <span class='ocrx_word' id='word_1_339' title='bbox 834 3080 900 3140; x_wconf 79' lang='lat' dir='ltr'><strong>Alia</strong></span> <span class='ocrx_word' id='word_1_340' title='bbox 925 3086 975 3142; x_wconf 89' lang='lat' dir='ltr'><strong>est</strong></span> <span class='ocrx_word' id='word_1_341' title='bbox 997 3080 1127 3141; x_wconf 88' lang='lat' dir='ltr'><strong>Nabumi</strong></span> <span class='ocrx_word' id='word_1_342' title='bbox 1143 3080 1303 3142; x_wconf 85' lang='lat' dir='ltr'><strong>loci&#39;ratio</strong></span> <span class='ocrx_word' id='word_1_343' title='bbox 1326 3082 1351 3152; x_wconf 97' lang='lat' dir='ltr'>I,</span> <span class='ocrx_word' id='word_1_344' title='bbox 1370 3084 1407 3143; x_wconf 83' lang='lat'><strong>15</strong></span> <span class='ocrx_word' id='word_1_345' title='bbox 1430 3081 1481 3156; x_wconf 84' lang='grc' dir='ltr'>(ΙΙ,</span> <span class='ocrx_word' id='word_1_346' title='bbox 1499 3081 1530 3157; x_wconf 82' lang='lat'><strong>1)</strong></span> <span class='ocrx_word' id='word_1_347' title='bbox 1553 3082 1605 3142; x_wconf 92' lang='lat' dir='ltr'><strong>ubi</strong></span> 
     </span>
     <span class='ocr_line' id='line_1_33' title="bbox 322 3163 1604 3244; baseline 0.002 -18"><span class='ocrx_word' id='word_1_348' title='bbox 322 3163 521 3244; x_wconf 70' lang='grc' dir='ltr'><strong><em>ἀπαγγέλλειν</em></strong></span> <span class='ocrx_word' id='word_1_349' title='bbox 549 3163 670 3244; x_wconf 76' lang='grc' dir='ltr'><strong><em>εἰρήνην</em></strong></span> <span class='ocrx_word' id='word_1_350' title='bbox 698 3167 779 3227; x_wconf 91' lang='lat' dir='ltr'><strong>idem</strong></span> <span class='ocrx_word' id='word_1_351' title='bbox 799 3168 866 3226; x_wconf 87' lang='lat' dir='ltr'><strong>fere</strong></span> <span class='ocrx_word' id='word_1_352' title='bbox 891 3173 940 3227; x_wconf 90' lang='lat' dir='ltr'><strong>est</strong></span> <span class='ocrx_word' id='word_1_353' title='bbox 962 3167 1044 3244; x_wconf 92' lang='lat' dir='ltr'><strong>quod</strong></span> <span class='ocrx_word' id='word_1_354' title='bbox 1067 3167 1198 3227; x_wconf 87' lang='lat' dir='ltr'><strong>&#39;salutem</strong></span> <span class='ocrx_word' id='word_1_355' title='bbox 1226 3169 1418 3230; x_wconf 88' lang='lat' dir='ltr'><strong>annuntiare.</strong></span> <span class='ocrx_word' id='word_1_356' title='bbox 1463 3167 1604 3228; x_wconf 87' lang='lat' dir='ltr'><strong>insoleus</strong></span> 
     </span>
     <span class='ocr_line' id='line_1_34' title="bbox 322 3251 1605 3331; baseline 0.001 -18"><span class='ocrx_word' id='word_1_357' title='bbox 322 3270 396 3314; x_wconf 88' lang='lat' dir='ltr'><strong>vero</strong></span> <span class='ocrx_word' id='word_1_358' title='bbox 420 3256 450 3313; x_wconf 95' lang='lat' dir='ltr'><strong>in</strong></span> <span class='ocrx_word' id='word_1_359' title='bbox 472 3253 551 3314; x_wconf 89' lang='lat' dir='ltr'><strong>LXX</strong></span> <span class='ocrx_word' id='word_1_360' title='bbox 574 3257 778 3331; x_wconf 85' lang='lat' dir='ltr'><strong>interpretum</strong></span> <span class='ocrx_word' id='word_1_361' title='bbox 801 3254 925 3328; x_wconf 86' lang='lat' dir='ltr'><strong>scriptis</strong></span> <span class='ocrx_word' id='word_1_362' title='bbox 949 3251 1070 3313; x_wconf 85' lang='lat' dir='ltr'><strong>videtur</strong></span> <span class='ocrx_word' id='word_1_363' title='bbox 1092 3271 1183 3321; x_wconf 89' lang='lat' dir='ltr'><strong>usus,</strong></span> <span class='ocrx_word' id='word_1_364' title='bbox 1214 3270 1306 3330; x_wconf 90' lang='lat' dir='ltr'><strong>quem</strong></span> <span class='ocrx_word' id='word_1_365' title='bbox 1328 3253 1424 3314; x_wconf 88' lang='lat' dir='ltr'><strong>babes</strong></span> <span class='ocrx_word' id='word_1_366' title='bbox 1453 3255 1483 3313; x_wconf 80' lang='lat' dir='ltr'><strong>In</strong></span> <span class='ocrx_word' id='word_1_367' title='bbox 1505 3253 1605 3314; x_wconf 90' lang='lat' dir='ltr'><strong>tribus</strong></span> 
     </span>
     <span class='ocr_line' id='line_1_35' title="bbox 321 3334 1606 3416; baseline -0.001 -15"><span class='ocrx_word' id='word_1_368' title='bbox 321 3335 513 3401; x_wconf 82' lang='lat' dir='ltr'><strong>Jonaetocis</strong></span> <span class='ocrx_word' id='word_1_369' title='bbox 529 3342 611 3400; x_wconf 90' lang='lat' dir='ltr'><strong>omni</strong></span> <span class='ocrx_word' id='word_1_370' title='bbox 635 3357 709 3401; x_wconf 87' lang='lat' dir='ltr'><strong>sane</strong></span> <span class='ocrx_word' id='word_1_371' title='bbox 733 3357 770 3400; x_wconf 87' lang='lat' dir='ltr'><strong>ex</strong></span> <span class='ocrx_word' id='word_1_372' title='bbox 787 3344 874 3416; x_wconf 84' lang='lat' dir='ltr'><strong>parte</strong></span> <span class='ocrx_word' id='word_1_373' title='bbox 894 3338 931 3397; x_wconf 89' lang='lat' dir='ltr'><strong>ad</strong></span> <span class='ocrx_word' id='word_1_374' title='bbox 951 3337 999 3402; x_wconf 85' lang='lat' dir='ltr'><strong>Ni.</strong></span> <span class='ocrx_word' id='word_1_375' title='bbox 1015 3339 1059 3401; x_wconf 84' lang='lat' dir='ltr'><strong>Ti.</strong></span> <span class='ocrx_word' id='word_1_376' title='bbox 1079 3337 1202 3398; x_wconf 91' lang='lat' dir='ltr'><strong>modum</strong></span> <span class='ocrx_word' id='word_1_377' title='bbox 1220 3342 1404 3415; x_wconf 87' lang='lat' dir='ltr'><strong>comparatis</strong></span> <span class='ocrx_word' id='word_1_378' title='bbox 1428 3339 1455 3410; x_wconf 91' lang='lat' dir='ltr'>I,</span> <span class='ocrx_word' id='word_1_379' title='bbox 1469 3340 1502 3400; x_wconf 82' lang='lat'><strong>2:</strong></span> <span class='ocrx_word' id='word_1_380' title='bbox 1527 3334 1606 3400; x_wconf 79' lang='grc' dir='ltr'><strong><em>οἰνά-</em></strong></span> 
     </span>
     <span class='ocr_line' id='line_1_36' title="bbox 324 3418 1607 3504; baseline -0.002 -18"><span class='ocrx_word' id='word_1_381' title='bbox 324 3426 419 3502; x_wconf 78' lang='grc' dir='ltr'><strong><em>στηθι</em></strong></span> <span class='ocrx_word' id='word_1_382' title='bbox 443 3422 733 3504; x_wconf 49' lang='grc' dir='ltr'><strong><em>καὶαορεύθητι*</em></strong></span> <span class='ocrx_word' id='word_1_383' title='bbox 755 3423 805 3484; x_wconf 83' lang='grc' dir='ltr'><strong>καλ</strong></span> <span class='ocrx_word' id='word_1_384' title='bbox 828 3420 969 3501; x_wconf 79' lang='grc' dir='ltr'><strong><em>κήρυξον,</em></strong></span> <span class='ocrx_word' id='word_1_385' title='bbox 1008 3424 1111 3496; x_wconf 83' lang='grc' dir='ltr'>ΙΙΙ,2;</span> <span class='ocrx_word' id='word_1_386' title='bbox 1140 3418 1272 3502; x_wconf 81' lang='grc' dir='ltr'><strong><em>κήρυξον</em></strong></span> <span class='ocrx_word' id='word_1_387' title='bbox 1289 3421 1324 3486; x_wconf 84' lang='grc' dir='ltr'><strong>τὸ</strong></span> <span class='ocrx_word' id='word_1_388' title='bbox 1345 3419 1497 3501; x_wconf 85' lang='grc' dir='ltr'><strong><em>κήρυγμα.</em></strong></span> <span class='ocrx_word' id='word_1_389' title='bbox 1529 3429 1607 3488; x_wconf 82' lang='lat' dir='ltr'>v.4:</span> 
     </span>
     <span class='ocr_line' id='line_1_37' title="bbox 252 3505 1607 3600; baseline 0.003 -32"><span class='ocrx_word' id='word_1_390' title='bbox 252 3573 260 3600; x_wconf 31' lang='grc' dir='ltr'><strong><em>ρ</em></strong></span> <span class='ocrx_word' id='word_1_391' title='bbox 324 3508 374 3569; x_wconf 79' lang='grc' dir='ltr'><strong><em>καὶ</em></strong></span> <span class='ocrx_word' id='word_1_392' title='bbox 396 3505 530 3587; x_wconf 66' lang='grc' dir='ltr'><strong><em>ἐκήρυξε.</em></strong></span> <span class='ocrx_word' id='word_1_393' title='bbox 574 3511 702 3571; x_wconf 85' lang='lat' dir='ltr'><strong>Praeter</strong></span> <span class='ocrx_word' id='word_1_394' title='bbox 730 3510 789 3570; x_wconf 89' lang='lat' dir='ltr'><strong>bos</strong></span> <span class='ocrx_word' id='word_1_395' title='bbox 810 3512 910 3572; x_wconf 85' lang='lat' dir='ltr'><strong>Jonae</strong></span> <span class='ocrx_word' id='word_1_396' title='bbox 940 3510 1026 3572; x_wconf 90' lang='lat' dir='ltr'><strong>locos</strong></span> <span class='ocrx_word' id='word_1_397' title='bbox 1048 3528 1200 3587; x_wconf 86' lang='lat' dir='ltr'><strong>nusquam</strong></span> <span class='ocrx_word' id='word_1_398' title='bbox 1228 3510 1306 3588; x_wconf 91' lang='lat' dir='ltr'><strong>apud</strong></span> <span class='ocrx_word' id='word_1_399' title='bbox 1335 3510 1428 3581; x_wconf 88' lang='lat' dir='ltr'>LXX,</span> <span class='ocrx_word' id='word_1_400' title='bbox 1459 3517 1607 3588; x_wconf 88' lang='lat' dir='ltr'><strong>quantum</strong></span> 
     </span>
     <span class='ocr_line' id='line_1_38' title="bbox 325 3595 1610 3676; baseline 0 -18"><span class='ocrx_word' id='word_1_401' title='bbox 325 3598 456 3666; x_wconf 89' lang='lat' dir='ltr'><strong>scimus,</strong></span> <span class='ocrx_word' id='word_1_402' title='bbox 480 3595 518 3656; x_wconf 89' lang='lat' dir='ltr'><strong>de</strong></span> <span class='ocrx_word' id='word_1_403' title='bbox 540 3602 624 3657; x_wconf 88' lang='lat' dir='ltr'><strong>certa</strong></span> <span class='ocrx_word' id='word_1_404' title='bbox 638 3595 778 3675; x_wconf 71' lang='lat' dir='ltr'><strong>,quadam</strong></span> <span class='ocrx_word' id='word_1_405' title='bbox 795 3595 1024 3676; x_wconf 87' lang='lat' dir='ltr'><strong>praedicatione</strong></span> <span class='ocrx_word' id='word_1_406' title='bbox 1049 3602 1154 3658; x_wconf 89' lang='lat' dir='ltr'><strong>sancta</strong></span> <span class='ocrx_word' id='word_1_407' title='bbox 1176 3615 1244 3658; x_wconf 90' lang='lat' dir='ltr'><strong>cum</strong></span> <span class='ocrx_word' id='word_1_408' title='bbox 1261 3597 1390 3674; x_wconf 90' lang='lat' dir='ltr'><strong>quadam</strong></span> <span class='ocrx_word' id='word_1_409' title='bbox 1415 3599 1445 3658; x_wconf 88' lang='lat' dir='ltr'><strong>vi</strong></span> <span class='ocrx_word' id='word_1_410' title='bbox 1469 3597 1610 3659; x_wconf 84' lang='lat' dir='ltr'><strong>tecbnica</strong></span> 
     </span>
    </p>
   </div>
   <div class='ocr_carea' id='block_1_5' title="bbox 209 3683 446 3760">
    <p class='ocr_par' dir='ltr' id='par_1_5' title="bbox 209 3683 446 3760">
     <span class='ocr_line' id='line_1_39' title="bbox 209 3683 446 3760; baseline 0.017 -18"><span class='ocrx_word' id='word_1_411' title='bbox 209 3699 215 3716; x_wconf 55' lang='lat' dir='ltr'><em>s</em></span> <span class='ocrx_word' id='word_1_412' title='bbox 324 3683 446 3760; x_wconf 83' lang='lat' dir='ltr'><strong>legitur.</strong></span> 
     </span>
    </p>
   </div>
   <div class='ocr_carea' id='block_1_6' title="bbox 325 3766 1611 3936">
    <p class='ocr_par' dir='ltr' id='par_1_6' title="bbox 325 3766 1611 3936">
     <span class='ocr_line' id='line_1_40' title="bbox 344 3766 1611 3852; baseline 0.002 -24"><span class='ocrx_word' id='word_1_413' title='bbox 344 3847 348 3852; x_wconf 24' lang='grc' dir='ltr'>Ι</span> <span class='ocrx_word' id='word_1_414' title='bbox 411 3771 451 3829; x_wconf 76' lang='grc' dir='ltr'><strong>ΑΙ</strong></span> <span class='ocrx_word' id='word_1_415' title='bbox 474 3785 549 3829; x_wconf 85' lang='lat' dir='ltr'><strong>vero</strong></span> <span class='ocrx_word' id='word_1_416' title='bbox 573 3766 669 3829; x_wconf 92' lang='lat' dir='ltr'><strong>libros</strong></span> <span class='ocrx_word' id='word_1_417' title='bbox 691 3767 740 3832; x_wconf 76' lang='lat' dir='ltr'><strong>ru.</strong></span> <span class='ocrx_word' id='word_1_418' title='bbox 764 3767 809 3831; x_wconf 81' lang='lat' dir='ltr'><strong>Ti.</strong></span> <span class='ocrx_word' id='word_1_419' title='bbox 827 3767 887 3828; x_wconf 80' lang='lat' dir='ltr'><strong>‘ubi</strong></span> <span class='ocrx_word' id='word_1_420' title='bbox 910 3767 1117 3832; x_wconf 78' lang='lat' dir='ltr'><strong>evolverImus</strong></span> <span class='ocrx_word' id='word_1_421' title='bbox 1140 3768 1196 3830; x_wconf 88' lang='lat' dir='ltr'><strong>bac</strong></span> <span class='ocrx_word' id='word_1_422' title='bbox 1219 3774 1285 3848; x_wconf 92' lang='lat' dir='ltr'><strong>ipsa</strong></span> <span class='ocrx_word' id='word_1_423' title='bbox 1309 3771 1339 3829; x_wconf 90' lang='lat' dir='ltr'><strong>vi</strong></span> <span class='ocrx_word' id='word_1_424' title='bbox 1360 3775 1392 3830; x_wconf 93' lang='lat' dir='ltr'><strong>et</strong></span> <span class='ocrx_word' id='word_1_425' title='bbox 1413 3771 1533 3830; x_wconf 88' lang='lat' dir='ltr'><strong>ratione</strong></span> <span class='ocrx_word' id='word_1_426' title='bbox 1551 3771 1611 3830; x_wconf 89' lang='lat' dir='ltr'><strong>hoo</strong></span> 
     </span>
     <span class='ocr_line' id='line_1_41' title="bbox 325 3854 1609 3936; baseline 0.002 -21"><span class='ocrx_word' id='word_1_427' title='bbox 325 3855 455 3932; x_wconf 84' lang='lat' dir='ltr'><strong>verbum</strong></span> <span class='ocrx_word' id='word_1_428' title='bbox 477 3855 653 3916; x_wconf 83' lang='lat' dir='ltr'><strong>sexcenties</strong></span> <span class='ocrx_word' id='word_1_429' title='bbox 683 3862 864 3933; x_wconf 85' lang='lat' dir='ltr'><strong>usurpatum</strong></span> <span class='ocrx_word' id='word_1_430' title='bbox 892 3855 1032 3918; x_wconf 84' lang='lat' dir='ltr'><strong>videmus</strong></span> <span class='ocrx_word' id='word_1_431' title='bbox 1063 3861 1095 3916; x_wconf 91' lang='lat' dir='ltr'><strong>et</strong></span> <span class='ocrx_word' id='word_1_432' title='bbox 1125 3859 1213 3936; x_wconf 84' lang='lat' dir='ltr'><strong>qnasi</strong></span> <span class='ocrx_word' id='word_1_433' title='bbox 1241 3858 1406 3918; x_wconf 88' lang='lat' dir='ltr'><strong>terminum</strong></span> <span class='ocrx_word' id='word_1_434' title='bbox 1433 3854 1609 3918; x_wconf 86' lang='lat' dir='ltr'><strong>technicum</strong></span> 
     </span>
    </p>
   </div>
   <div class='ocr_carea' id='block_1_7' title="bbox 327 3939 1714 4020">
    <p class='ocr_par' dir='ltr' id='par_1_7' title="bbox 327 3939 1714 4020">
     <span class='ocr_line' id='line_1_42' title="bbox 327 3939 1714 4020; baseline 0.001 -19"><span class='ocrx_word' id='word_1_435' title='bbox 327 3940 418 4017; x_wconf 84' lang='lat' dir='ltr'><strong>quem</strong></span> <span class='ocrx_word' id='word_1_436' title='bbox 440 3946 551 4002; x_wconf 84' lang='lat' dir='ltr'><strong>vocant</strong></span> <span class='ocrx_word' id='word_1_437' title='bbox 573 3941 686 4002; x_wconf 86' lang='lat' dir='ltr'><strong>iactum</strong></span> <span class='ocrx_word' id='word_1_438' title='bbox 710 3939 866 4003; x_wconf 87' lang='lat' dir='ltr'><strong>doctrinae</strong></span> <span class='ocrx_word' id='word_1_439' title='bbox 890 3943 1003 4003; x_wconf 83' lang='lat' dir='ltr'><strong>Christi</strong></span> <span class='ocrx_word' id='word_1_440' title='bbox 1027 3946 1058 4002; x_wconf 92' lang='lat' dir='ltr'><strong>et</strong></span> <span class='ocrx_word' id='word_1_441' title='bbox 1080 3959 1097 4000; x_wconf 92' lang='lat' dir='ltr'><strong>a</strong></span> <span class='ocrx_word' id='word_1_442' title='bbox 1121 3941 1243 4003; x_wconf 84' lang='lat' dir='ltr'><strong>Christo</strong></span> <span class='ocrx_word' id='word_1_443' title='bbox 1266 3941 1470 4020; x_wconf 83' lang='lat' dir='ltr'><strong>praedicatae.</strong></span> <span class='ocrx_word' id='word_1_444' title='bbox 1509 3941 1608 4004; x_wconf 81' lang='lat' dir='ltr'><strong>Facile</strong></span> <span class='ocrx_word' id='word_1_445' title='bbox 1708 3968 1714 3975; x_wconf 97' lang='lat'><em>·</em></span> 
     </span>
    </p>
   </div>
   <div class='ocr_carea' id='block_1_8' title="bbox 328 4026 1608 4104">
    <p class='ocr_par' dir='ltr' id='par_1_8' title="bbox 328 4026 1608 4104">
     <span class='ocr_line' id='line_1_43' title="bbox 328 4026 1608 4104; baseline 0.002 -18"><span class='ocrx_word' id='word_1_446' title='bbox 328 4034 456 4104; x_wconf 87' lang='lat' dir='ltr'><strong>apparet</strong></span> <span class='ocrx_word' id='word_1_447' title='bbox 479 4029 537 4088; x_wconf 91' lang='lat' dir='ltr'><strong>hoc</strong></span> <span class='ocrx_word' id='word_1_448' title='bbox 559 4027 628 4087; x_wconf 84' lang='lat' dir='ltr'><strong>fieri</strong></span> <span class='ocrx_word' id='word_1_449' title='bbox 650 4044 712 4087; x_wconf 90' lang='lat' dir='ltr'><strong>non</strong></span> <span class='ocrx_word' id='word_1_450' title='bbox 735 4030 875 4104; x_wconf 89' lang='lat' dir='ltr'><strong>potuisse</strong></span> <span class='ocrx_word' id='word_1_451' title='bbox 899 4031 959 4088; x_wconf 90' lang='lat' dir='ltr'><strong>nisi</strong></span> <span class='ocrx_word' id='word_1_452' title='bbox 982 4046 1017 4088; x_wconf 91' lang='lat' dir='ltr'><strong>ea</strong></span> <span class='ocrx_word' id='word_1_453' title='bbox 1041 4032 1126 4087; x_wconf 85' lang='lat' dir='ltr'><strong>esset</strong></span> <span class='ocrx_word' id='word_1_454' title='bbox 1154 4026 1311 4090; x_wconf 90' lang='lat' dir='ltr'><strong>doctrinae</strong></span> <span class='ocrx_word' id='word_1_455' title='bbox 1336 4027 1527 4088; x_wconf 82' lang='lat' dir='ltr'><strong>Christianae</strong></span> <span class='ocrx_word' id='word_1_456' title='bbox 1557 4046 1608 4088; x_wconf 90' lang='lat' dir='ltr'><strong>na-</strong></span> 
     </span>
    </p>
   </div>
   <div class='ocr_carea' id='block_1_9' title="bbox 305 4246 1658 4800">
    <p class='ocr_par' dir='ltr' id='par_1_9' title="bbox 305 4246 1658 4800">
     <span class='ocr_line' id='line_1_44' title="bbox 326 4246 1609 4316; baseline 0.006 -18"><span class='ocrx_word' id='word_1_457' title='bbox 326 4248 352 4298; x_wconf 92' lang='lat' dir='ltr'><strong>in</strong></span> <span class='ocrx_word' id='word_1_458' title='bbox 374 4247 407 4297; x_wconf 89' lang='lat' dir='ltr'><strong>iis</strong></span> <span class='ocrx_word' id='word_1_459' title='bbox 426 4246 507 4306; x_wconf 86' lang='lat' dir='ltr'><strong>Iocis,</strong></span> <span class='ocrx_word' id='word_1_460' title='bbox 527 4249 553 4300; x_wconf 92' lang='lat' dir='ltr'><strong>in</strong></span> <span class='ocrx_word' id='word_1_461' title='bbox 574 4249 669 4316; x_wconf 88' lang='lat' dir='ltr'><strong>quibus</strong></span> <span class='ocrx_word' id='word_1_462' title='bbox 687 4249 877 4314; x_wconf 81' lang='lat' dir='ltr'><strong>imperandi</strong></span> <span class='ocrx_word' id='word_1_463' title='bbox 898 4249 953 4299; x_wconf 85' lang='lat' dir='ltr'><strong>fere</strong></span> <span class='ocrx_word' id='word_1_464' title='bbox 971 4248 1106 4300; x_wconf 86' lang='lat' dir='ltr'><strong>notionem</strong></span> <span class='ocrx_word' id='word_1_465' title='bbox 1128 4247 1207 4299; x_wconf 79' lang='lat' dir='ltr'><strong>babet</strong></span> <span class='ocrx_word' id='word_1_466' title='bbox 1227 4249 1348 4316; x_wconf 78' lang='lat' dir='ltr'><strong>besebyl.</strong></span> <span class='ocrx_word' id='word_1_467' title='bbox 1367 4247 1609 4316; x_wconf 61' lang='lat' dir='ltr'><strong>cnoephorjtotc.</strong></span> 
     </span>
     <span class='ocr_line' id='line_1_45' title="bbox 326 4310 1658 4386; baseline 0.005 -20"><span class='ocrx_word' id='word_1_468' title='bbox 326 4313 401 4366; x_wconf 79' lang='lat' dir='ltr'><strong>Pied.</strong></span> <span class='ocrx_word' id='word_1_469' title='bbox 422 4314 497 4383; x_wconf 89' lang='lat' dir='ltr'><strong>Pytb.</strong></span> <span class='ocrx_word' id='word_1_470' title='bbox 515 4317 563 4374; x_wconf 85' lang='lat' dir='ltr'>IV,</span> <span class='ocrx_word' id='word_1_471' title='bbox 583 4320 632 4372; x_wconf 84' lang='grc'><strong>356</strong></span> <span class='ocrx_word' id='word_1_472' title='bbox 653 4320 663 4379; x_wconf 78' lang='grc' dir='ltr'>Ι</span> <span class='ocrx_word' id='word_1_473' title='bbox 669 4319 713 4369; x_wconf 89' lang='lat' dir='ltr'><strong>ubi</strong></span> <span class='ocrx_word' id='word_1_474' title='bbox 734 4314 839 4380; x_wconf 77' lang='grc' dir='ltr'><strong><em>Μόψος</em></strong></span> <span class='ocrx_word' id='word_1_475' title='bbox 858 4312 872 4368; x_wconf 81' lang='grc' dir='ltr'><strong>ὃ</strong></span> <span class='ocrx_word' id='word_1_476' title='bbox 892 4310 1076 4386; x_wconf 76' lang='grc' dir='ltr'><strong><em>τερασκόπος,</em></strong></span> <span class='ocrx_word' id='word_1_477' title='bbox 1097 4316 1210 4368; x_wconf 84' lang='lat' dir='ltr'><strong>Deorum</strong></span> <span class='ocrx_word' id='word_1_478' title='bbox 1231 4333 1327 4384; x_wconf 88' lang='lat' dir='ltr'><strong>praeco</strong></span> <span class='ocrx_word' id='word_1_479' title='bbox 1352 4319 1489 4384; x_wconf 76' lang='lat' dir='ltr'><strong>quuitur).</strong></span> <span class='ocrx_word' id='word_1_480' title='bbox 1526 4318 1607 4386; x_wconf 89' lang='lat' dir='ltr'><strong>Sopb.</strong></span> <span class='ocrx_word' id='word_1_481' title='bbox 1652 4321 1658 4329; x_wconf 66' lang='lat'>‘</span> 
     </span>
     <span class='ocr_line' id='line_1_46' title="bbox 326 4385 1609 4454; baseline 0.004 -19"><span class='ocrx_word' id='word_1_482' title='bbox 326 4385 413 4450; x_wconf 75' lang='lat' dir='ltr'><strong>Antig.</strong></span> <span class='ocrx_word' id='word_1_483' title='bbox 433 4387 484 4437; x_wconf 71' lang='lat'><strong>450</strong></span> <span class='ocrx_word' id='word_1_484' title='bbox 504 4385 686 4454; x_wconf 81' lang='lat' dir='ltr'><strong>explicandum</strong></span> <span class='ocrx_word' id='word_1_485' title='bbox 706 4387 809 4438; x_wconf 85' lang='lat' dir='ltr'><strong>videtur</strong></span> <span class='ocrx_word' id='word_1_486' title='bbox 830 4402 844 4436; x_wconf 91' lang='lat' dir='ltr'><strong>e</strong></span> <span class='ocrx_word' id='word_1_487' title='bbox 865 4399 941 4436; x_wconf 87' lang='lat' dir='ltr'><strong>versu</strong></span> <span class='ocrx_word' id='word_1_488' title='bbox 962 4389 1011 4438; x_wconf 80' lang='grc' dir='ltr'><strong>ΙΙΙ</strong></span> <span class='ocrx_word' id='word_1_489' title='bbox 1032 4387 1148 4451; x_wconf 85' lang='lat' dir='ltr'><strong>proxime</strong></span> <span class='ocrx_word' id='word_1_490' title='bbox 1172 4386 1358 4446; x_wconf 86' lang='lat' dir='ltr'><strong>antecedente,</strong></span> <span class='ocrx_word' id='word_1_491' title='bbox 1382 4387 1426 4437; x_wconf 91' lang='lat' dir='ltr'><strong>ubi</strong></span> <span class='ocrx_word' id='word_1_492' title='bbox 1447 4386 1480 4438; x_wconf 90' lang='lat' dir='ltr'><strong>de</strong></span> <span class='ocrx_word' id='word_1_493' title='bbox 1502 4387 1609 4440; x_wconf 87' lang='lat' dir='ltr'><strong>decreto</strong></span> 
     </span>
     <span class='ocr_line' id='line_1_47' title="bbox 328 4453 1315 4520; baseline 0.003 -17"><span class='ocrx_word' id='word_1_494' title='bbox 328 4467 374 4520; x_wconf 90' lang='lat' dir='ltr'><strong>per</strong></span> <span class='ocrx_word' id='word_1_495' title='bbox 396 4468 552 4519; x_wconf 86' lang='lat' dir='ltr'><strong>praeconem</strong></span> <span class='ocrx_word' id='word_1_496' title='bbox 574 4457 727 4510; x_wconf 83' lang='lat' dir='ltr'><strong>annuntiato</strong></span> <span class='ocrx_word' id='word_1_497' title='bbox 747 4470 833 4507; x_wconf 89' lang='lat' dir='ltr'><strong>sermo</strong></span> <span class='ocrx_word' id='word_1_498' title='bbox 853 4459 901 4504; x_wconf 87' lang='lat' dir='ltr'><strong>est.</strong></span> <span class='ocrx_word' id='word_1_499' title='bbox 937 4453 975 4504; x_wconf 77' lang='lat' dir='ltr'><strong>nd</strong></span> <span class='ocrx_word' id='word_1_500' title='bbox 995 4455 1045 4505; x_wconf 91' lang='lat' dir='ltr'><strong>boc</strong></span> <span class='ocrx_word' id='word_1_501' title='bbox 1064 4454 1157 4505; x_wconf 78' lang='lat' dir='ltr'><strong>alludit</strong></span> <span class='ocrx_word' id='word_1_502' title='bbox 1176 4457 1315 4520; x_wconf 70' lang='lat' dir='ltr'><strong>Antigone.</strong></span> 
     </span>
     <span class='ocr_line' id='line_1_48' title="bbox 397 4522 1607 4593; baseline 0.003 -19"><span class='ocrx_word' id='word_1_503' title='bbox 397 4528 418 4574; x_wconf 89' lang='lat' dir='ltr'><strong>t.</strong></span> <span class='ocrx_word' id='word_1_504' title='bbox 440 4522 602 4592; x_wconf 81' lang='lat' dir='ltr'><strong>Quamquam</strong></span> <span class='ocrx_word' id='word_1_505' title='bbox 624 4523 693 4591; x_wconf 90' lang='lat' dir='ltr'><strong>apud</strong></span> <span class='ocrx_word' id='word_1_506' title='bbox 712 4523 776 4576; x_wconf 88' lang='lat' dir='ltr'><strong>LXX</strong></span> <span class='ocrx_word' id='word_1_507' title='bbox 795 4537 846 4573; x_wconf 92' lang='lat' dir='ltr'><strong>non</strong></span> <span class='ocrx_word' id='word_1_508' title='bbox 867 4523 962 4574; x_wconf 87' lang='lat' dir='ltr'><strong>desunt</strong></span> <span class='ocrx_word' id='word_1_509' title='bbox 980 4523 1046 4582; x_wconf 88' lang='lat' dir='ltr'><strong>loci,</strong></span> <span class='ocrx_word' id='word_1_510' title='bbox 1066 4524 1092 4574; x_wconf 91' lang='lat' dir='ltr'><strong>in</strong></span> <span class='ocrx_word' id='word_1_511' title='bbox 1111 4524 1207 4590; x_wconf 91' lang='lat' dir='ltr'><strong>quibus</strong></span> <span class='ocrx_word' id='word_1_512' title='bbox 1226 4525 1276 4576; x_wconf 88' lang='lat' dir='ltr'><strong>alta</strong></span> <span class='ocrx_word' id='word_1_513' title='bbox 1300 4523 1465 4586; x_wconf 85' lang='lat' dir='ltr'><strong>praedicandi</strong></span> <span class='ocrx_word' id='word_1_514' title='bbox 1483 4541 1534 4578; x_wconf 86' lang='lat' dir='ltr'><strong>vox</strong></span> <span class='ocrx_word' id='word_1_515' title='bbox 1549 4528 1607 4593; x_wconf 87' lang='lat' dir='ltr'><strong>ipso</strong></span> 
     </span>
     <span class='ocr_line' id='line_1_49' title="bbox 326 4586 1608 4662; baseline 0.004 -20"><span class='ocrx_word' id='word_1_516' title='bbox 326 4591 408 4643; x_wconf 84' lang='lat' dir='ltr'><strong>verbo</strong></span> <span class='ocrx_word' id='word_1_517' title='bbox 427 4587 581 4661; x_wconf 75' lang='grc' dir='ltr'><strong><em>κηρυσσειν</em></strong></span> <span class='ocrx_word' id='word_1_518' title='bbox 600 4592 770 4660; x_wconf 72' lang='lat' dir='ltr'><strong>significetur.</strong></span> <span class='ocrx_word' id='word_1_519' title='bbox 807 4592 835 4642; x_wconf 82' lang='lat' dir='ltr'><strong>E.</strong></span> <span class='ocrx_word' id='word_1_520' title='bbox 850 4607 871 4645; x_wconf 82' lang='lat' dir='ltr'><strong>r.</strong></span> <span class='ocrx_word' id='word_1_521' title='bbox 891 4589 970 4644; x_wconf 88' lang='lat' dir='ltr'><strong>Prov.</strong></span> <span class='ocrx_word' id='word_1_522' title='bbox 981 4591 1051 4650; x_wconf 84' lang='lat' dir='ltr'>VIII,</span> <span class='ocrx_word' id='word_1_523' title='bbox 1068 4595 1094 4644; x_wconf 77' lang='grc' dir='ltr'><strong><em>λι</em></strong></span> <span class='ocrx_word' id='word_1_524' title='bbox 1115 4587 1149 4644; x_wconf 82' lang='grc' dir='ltr'><strong><em>σὺ</em></strong></span> <span class='ocrx_word' id='word_1_525' title='bbox 1166 4586 1218 4659; x_wconf 88' lang='grc' dir='ltr'><strong>τήν</strong></span> <span class='ocrx_word' id='word_1_526' title='bbox 1235 4593 1343 4662; x_wconf 85' lang='grc' dir='ltr'><strong><em>σοφίαν</em></strong></span> <span class='ocrx_word' id='word_1_527' title='bbox 1360 4587 1499 4661; x_wconf 72' lang='grc' dir='ltr'><strong><em>κηρύξας,</em></strong></span> <span class='ocrx_word' id='word_1_528' title='bbox 1519 4595 1608 4646; x_wconf 88' lang='lat' dir='ltr'><strong>conie-</strong></span> 
     </span>
     <span class='ocr_line' id='line_1_50' title="bbox 305 4655 1608 4786; baseline 0.002 -74"><span class='ocrx_word' id='word_1_529' title='bbox 305 4659 415 4780; x_wconf 64' lang='lat' dir='ltr'><strong>‘rendp⁸5</strong></span> <span class='ocrx_word' id='word_1_530' title='bbox 428 4675 486 4744; x_wconf 77' lang='lat' dir='ltr'><strong>emp</strong></span> <span class='ocrx_word' id='word_1_531' title='bbox 506 4663 540 4786; x_wconf 68' lang='grc' dir='ltr'><strong>Ιίξα</strong></span> <span class='ocrx_word' id='word_1_532' title='bbox 564 4669 630 4730; x_wconf 87' lang='lat' dir='ltr'><strong>quae</strong></span> <span class='ocrx_word' id='word_1_533' title='bbox 650 4665 809 4728; x_wconf 88' lang='lat' dir='ltr'><strong>sequnntur,</strong></span> <span class='ocrx_word' id='word_1_534' title='bbox 829 4666 855 4712; x_wconf 90' lang='lat' dir='ltr'><strong>et</strong></span> <span class='ocrx_word' id='word_1_535' title='bbox 876 4661 897 4722; x_wconf 91' lang='lat' dir='ltr'>I,</span> <span class='ocrx_word' id='word_1_536' title='bbox 917 4664 957 4713; x_wconf 83' lang='lat'><strong>21.</strong></span> <span class='ocrx_word' id='word_1_537' title='bbox 995 4660 1046 4714; x_wconf 85' lang='lat' dir='ltr'><strong>Gir.</strong></span> <span class='ocrx_word' id='word_1_538' title='bbox 1067 4659 1116 4712; x_wconf 83' lang='lat' dir='ltr'><strong>Sir.</strong></span> <span class='ocrx_word' id='word_1_539' title='bbox 1137 4661 1260 4738; x_wconf 22' lang='lat' dir='ltr'>xx,x14:</span> <span class='ocrx_word' id='word_1_540' title='bbox 1283 4655 1387 4716; x_wconf 76' lang='grc' dir='ltr'><strong><em>ἀνοίξει</em></strong></span> <span class='ocrx_word' id='word_1_541' title='bbox 1406 4656 1438 4713; x_wconf 82' lang='grc' dir='ltr'><strong>τὸ</strong></span> <span class='ocrx_word' id='word_1_542' title='bbox 1455 4657 1608 4740; x_wconf 78' lang='grc' dir='ltr'><strong><em>στὸμααελ-</em></strong></span> 
     </span>
     <span class='ocr_line' id='line_1_51' title="bbox 326 4741 1406 4800; baseline 0.001 -18"><span class='ocrx_word' id='word_1_543' title='bbox 326 4745 374 4782; x_wconf 87' lang='grc' dir='ltr'><strong>τοο</strong></span> <span class='ocrx_word' id='word_1_544' title='bbox 416 4745 540 4800; x_wconf 42' lang='grc' dir='ltr'><strong><em>ογκηρυ.</em></strong></span> <span class='ocrx_word' id='word_1_545' title='bbox 1402 4741 1406 4746; x_wconf 86' lang='grc'><strong>’</strong></span> 
     </span>
    </p>
   </div>
   <div class='ocr_carea' id='block_1_10' title="bbox 0 0 1765 5360">
    <p class='ocr_par' dir='ltr' id='par_1_10' title="bbox 0 0 1765 5360">
     <span class='ocr_line' id='line_1_52' title="bbox 0 0 1765 5360; baseline 0 0"><span class='ocrx_word' id='word_1_546' title='bbox 0 0 1765 5360; x_wconf 95' lang='lat' dir='ltr'><strong> </strong></span> 
     </span>
    </p>
   </div>
  </div>
 </body>
</html>
