<?xml version="1.0" encoding="UTF-8"?>
<!DOCTYPE html PUBLIC "-//W3C//DTD XHTML 1.0 Transitional//EN"
    "http://www.w3.org/TR/xhtml1/DTD/xhtml1-transitional.dtd">
<html xmlns="http://www.w3.org/1999/xhtml" xml:lang="en" lang="en">
 <head>
  <title>
</title>
<meta http-equiv="Content-Type" content="text/html;charset=utf-8" />
  <meta name='ocr-system' content='tesseract 3.04.00' />
  <meta name='ocr-capabilities' content='ocr_page ocr_carea ocr_par ocr_line ocrx_word'/>
</head>
<body>
  <div class='ocr_page' id='page_1' title='image "./petriapostolide00zezsgoog_0067.png"; bbox 0 0 3516 5360; ppageno 0'>
   <div class='ocr_carea' id='block_1_1' title="bbox 512 373 1475 436">
    <p class='ocr_par' dir='ltr' id='par_1_1' title="bbox 512 373 1475 436">
     <span class='ocr_line' id='line_1_1' title="bbox 512 373 1475 436; baseline 0.003 -6"><span class='ocrx_word' id='word_1_1' title='bbox 512 373 661 430; x_wconf 76' lang='lat' dir='ltr'><strong>Pecuuunr</strong></span> <span class='ocrx_word' id='word_1_2' title='bbox 680 389 712 430; x_wconf 86' lang='lat' dir='ltr'><strong>nn</strong></span> <span class='ocrx_word' id='word_1_3' title='bbox 728 374 831 430; x_wconf 79' lang='lat' dir='ltr'><strong>Nonum</strong></span> <span class='ocrx_word' id='word_1_4' title='bbox 850 389 1008 436; x_wconf 78' lang='lat' dir='ltr'><strong>naeuorrnus</strong></span> <span class='ocrx_word' id='word_1_5' title='bbox 1024 387 1155 429; x_wconf 75' lang='lat' dir='ltr'><strong>iuniorum</strong></span> <span class='ocrx_word' id='word_1_6' title='bbox 1435 373 1475 434; x_wconf 82' lang='lat'><strong>59</strong></span> 
     </span>
    </p>
   </div>
   <div class='ocr_carea' id='block_1_2' title="bbox 87 518 1554 4576">
    <p class='ocr_par' dir='ltr' id='par_1_2' title="bbox 87 518 1554 4576">
     <span class='ocr_line' id='line_1_2' title="bbox 185 518 1475 614; baseline 0.003 -18"><span class='ocrx_word' id='word_1_7' title='bbox 185 518 241 596; x_wconf 54' lang='lat' dir='ltr'><strong>&#39;ab</strong></span> <span class='ocrx_word' id='word_1_8' title='bbox 263 538 383 598; x_wconf 72' lang='lat' dir='ltr'><strong>interne</strong></span> <span class='ocrx_word' id='word_1_9' title='bbox 407 539 549 598; x_wconf 89' lang='lat' dir='ltr'><strong>coercitis</strong></span> <span class='ocrx_word' id='word_1_10' title='bbox 573 537 812 614; x_wconf 84' lang='lat' dir='ltr'><strong>abjudicauimns</strong></span> <span class='ocrx_word' id='word_1_11' title='bbox 836 540 1048 598; x_wconf 74' lang='lat' dir='ltr'><strong>conversionis</strong></span> <span class='ocrx_word' id='word_1_12' title='bbox 1064 539 1150 613; x_wconf 89' lang='lat' dir='ltr'><strong>copia</strong></span> <span class='ocrx_word' id='word_1_13' title='bbox 1175 543 1206 596; x_wconf 92' lang='lat' dir='ltr'><strong>et</strong></span> <span class='ocrx_word' id='word_1_14' title='bbox 1229 555 1285 596; x_wconf 89' lang='lat' dir='ltr'><strong>eur</strong></span> <span class='ocrx_word' id='word_1_15' title='bbox 1302 542 1475 602; x_wconf 70' lang='lat' dir='ltr'><strong>nenessitas</strong></span> 
     </span>
     <span class='ocr_line' id='line_1_3' title="bbox 202 621 1474 704; baseline 0.002 -21"><span class='ocrx_word' id='word_1_16' title='bbox 202 624 417 700; x_wconf 73' lang='lat' dir='ltr'><strong>sententiaque</strong></span> <span class='ocrx_word' id='word_1_17' title='bbox 443 621 551 699; x_wconf 85' lang='lat' dir='ltr'><strong>judicii</strong></span> <span class='ocrx_word' id='word_1_18' title='bbox 575 627 716 696; x_wconf 82' lang='lat' dir='ltr'><strong>extremi,</strong></span> <span class='ocrx_word' id='word_1_19' title='bbox 751 627 864 704; x_wconf 91' lang='lat' dir='ltr'><strong>quippe</strong></span> <span class='ocrx_word' id='word_1_20' title='bbox 895 627 924 684; x_wconf 91' lang='lat' dir='ltr'><strong>in</strong></span> <span class='ocrx_word' id='word_1_21' title='bbox 960 641 1021 701; x_wconf 93' lang='lat' dir='ltr'><strong>quo</strong></span> <span class='ocrx_word' id='word_1_22' title='bbox 1051 623 1130 700; x_wconf 89' lang='lat' dir='ltr'><strong>apud</strong></span> <span class='ocrx_word' id='word_1_23' title='bbox 1162 622 1314 682; x_wconf 79' lang='lat' dir='ltr'><strong>Christum</strong></span> <span class='ocrx_word' id='word_1_24' title='bbox 1340 624 1474 701; x_wconf 85' lang='lat' dir='ltr'><strong>judicem</strong></span> 
     </span>
     <span class='ocr_line' id='line_1_4' title="bbox 202 708 1475 788; baseline 0.002 -20"><span class='ocrx_word' id='word_1_25' title='bbox 202 708 373 769; x_wconf 88' lang='lat' dir='ltr'><strong>Christiana</strong></span> <span class='ocrx_word' id='word_1_26' title='bbox 396 710 525 769; x_wconf 85' lang='lat' dir='ltr'><strong>maxime</strong></span> <span class='ocrx_word' id='word_1_27' title='bbox 547 725 599 770; x_wconf 91' lang='lat' dir='ltr'><strong>res</strong></span> <span class='ocrx_word' id='word_1_28' title='bbox 623 708 820 783; x_wconf 87' lang='lat' dir='ltr'><strong>decernatur,</strong></span> <span class='ocrx_word' id='word_1_29' title='bbox 842 711 873 770; x_wconf 91' lang='lat' dir='ltr'><strong>in</strong></span> <span class='ocrx_word' id='word_1_30' title='bbox 896 725 951 769; x_wconf 87' lang='lat' dir='ltr'><strong>eos</strong></span> <span class='ocrx_word' id='word_1_31' title='bbox 974 712 1071 786; x_wconf 84' lang='lat' dir='ltr'><strong>magis</strong></span> <span class='ocrx_word' id='word_1_32' title='bbox 1089 708 1200 769; x_wconf 89' lang='lat' dir='ltr'><strong>cadere</strong></span> <span class='ocrx_word' id='word_1_33' title='bbox 1222 708 1362 770; x_wconf 88' lang='lat' dir='ltr'><strong>videatur</strong></span> <span class='ocrx_word' id='word_1_34' title='bbox 1384 729 1475 788; x_wconf 90' lang='lat' dir='ltr'><strong>quarn</strong></span> 
     </span>
     <span class='ocr_line' id='line_1_5' title="bbox 200 794 1134 873; baseline -0.003 -17"><span class='ocrx_word' id='word_1_35' title='bbox 200 795 231 856; x_wconf 80' lang='lat' dir='ltr'><strong>in</strong></span> <span class='ocrx_word' id='word_1_36' title='bbox 254 796 413 873; x_wconf 86' lang='lat' dir='ltr'><strong>antiquum</strong></span> <span class='ocrx_word' id='word_1_37' title='bbox 433 794 505 854; x_wconf 90' lang='lat' dir='ltr'><strong>illud</strong></span> <span class='ocrx_word' id='word_1_38' title='bbox 529 794 683 856; x_wconf 88' lang='lat' dir='ltr'><strong>hominurn</strong></span> <span class='ocrx_word' id='word_1_39' title='bbox 706 813 804 872; x_wconf 90' lang='lat' dir='ltr'><strong>genus</strong></span> <span class='ocrx_word' id='word_1_40' title='bbox 827 795 940 856; x_wconf 85' lang='lat' dir='ltr'><strong>diluvio</strong></span> <span class='ocrx_word' id='word_1_41' title='bbox 964 796 1134 872; x_wconf 85' lang='lat' dir='ltr'><strong>abreptum.</strong></span> 
     </span>
     <span class='ocr_line' id='line_1_6' title="bbox 177 879 1475 980; baseline 0.001 -40"><span class='ocrx_word' id='word_1_42' title='bbox 177 937 178 940; x_wconf 74' lang='grc'>,</span> <span class='ocrx_word' id='word_1_43' title='bbox 286 881 330 941; x_wconf 81' lang='grc' dir='ltr'><strong>ΑΙ</strong></span> <span class='ocrx_word' id='word_1_44' title='bbox 352 897 426 941; x_wconf 88' lang='lat' dir='ltr'><strong>sane</strong></span> <span class='ocrx_word' id='word_1_45' title='bbox 450 883 627 941; x_wconf 86' lang='lat' dir='ltr'><strong>universum</strong></span> <span class='ocrx_word' id='word_1_46' title='bbox 651 899 748 958; x_wconf 91' lang='lat' dir='ltr'><strong>genus</strong></span> <span class='ocrx_word' id='word_1_47' title='bbox 764 883 921 942; x_wconf 87' lang='lat' dir='ltr'><strong>hominum</strong></span> <span class='ocrx_word' id='word_1_48' title='bbox 940 881 1079 980; x_wconf 82' lang='lat' dir='ltr'><strong>adeoque</strong></span> <span class='ocrx_word' id='word_1_49' title='bbox 1097 879 1275 957; x_wconf 89' lang='lat' dir='ltr'><strong>angelorum</strong></span> <span class='ocrx_word' id='word_1_50' title='bbox 1290 880 1407 958; x_wconf 88' lang='lat' dir='ltr'><strong>judicio</strong></span> <span class='ocrx_word' id='word_1_51' title='bbox 1424 899 1475 942; x_wconf 89' lang='lat' dir='ltr'><strong>ex·</strong></span> 
     </span>
     <span class='ocr_line' id='line_1_7' title="bbox 199 965 1477 1045; baseline 0.002 -19"><span class='ocrx_word' id='word_1_52' title='bbox 199 971 298 1027; x_wconf 84' lang='lat' dir='ltr'><strong>tremo</strong></span> <span class='ocrx_word' id='word_1_53' title='bbox 332 971 455 1027; x_wconf 88' lang='lat' dir='ltr'><strong>tenetur</strong></span> <span class='ocrx_word' id='word_1_54' title='bbox 488 967 655 1044; x_wconf 89' lang='lat' dir='ltr'><strong>obligatum</strong></span> <span class='ocrx_word' id='word_1_55' title='bbox 688 968 923 1045; x_wconf 75' lang='lat' dir='ltr'><strong>obligamurque</strong></span> <span class='ocrx_word' id='word_1_56' title='bbox 952 973 988 1026; x_wconf 94' lang='lat' dir='ltr'><strong>ut</strong></span> <span class='ocrx_word' id='word_1_57' title='bbox 1003 965 1133 1028; x_wconf 85' lang='lat' dir='ltr'><strong>diserte</strong></span> <span class='ocrx_word' id='word_1_58' title='bbox 1164 971 1312 1026; x_wconf 89' lang='lat' dir='ltr'><strong>testatum</strong></span> <span class='ocrx_word' id='word_1_59' title='bbox 1345 967 1477 1044; x_wconf 87' lang='lat' dir='ltr'><strong>legimus</strong></span> 
     </span>
     <span class='ocr_line' id='line_1_8' title="bbox 201 1051 1476 1132; baseline -0.002 -18"><span class='ocrx_word' id='word_1_60' title='bbox 201 1054 238 1129; x_wconf 78' lang='grc'><strong>(2</strong></span> <span class='ocrx_word' id='word_1_61' title='bbox 256 1053 394 1125; x_wconf 80' lang='lat' dir='ltr'><strong>Petnll,</strong></span> <span class='ocrx_word' id='word_1_62' title='bbox 415 1057 442 1115; x_wconf 82' lang='lat'><strong>5.</strong></span> <span class='ocrx_word' id='word_1_63' title='bbox 461 1053 498 1130; x_wconf 84' lang='lat'><strong>9)</strong></span> <span class='ocrx_word' id='word_1_64' title='bbox 526 1053 642 1115; x_wconf 87' lang='lat' dir='ltr'><strong>Noachi</strong></span> <span class='ocrx_word' id='word_1_65' title='bbox 673 1071 797 1131; x_wconf 89' lang='lat' dir='ltr'><strong>quoque</strong></span> <span class='ocrx_word' id='word_1_66' title='bbox 823 1054 984 1132; x_wconf 84' lang='lat' dir='ltr'><strong>aequales3</strong></span> <span class='ocrx_word' id='word_1_67' title='bbox 1008 1053 1063 1116; x_wconf 91' lang='lat' dir='ltr'><strong>sed</strong></span> <span class='ocrx_word' id='word_1_68' title='bbox 1084 1053 1205 1112; x_wconf 90' lang='lat' dir='ltr'><strong>diversa</strong></span> <span class='ocrx_word' id='word_1_69' title='bbox 1224 1051 1345 1113; x_wconf 90' lang='lat' dir='ltr'><strong>videtur</strong></span> <span class='ocrx_word' id='word_1_70' title='bbox 1362 1053 1476 1130; x_wconf 87' lang='lat' dir='ltr'><strong>obliga·</strong></span> 
     </span>
     <span class='ocr_line' id='line_1_9' title="bbox 201 1126 1477 1217; baseline 0.001 -19"><span class='ocrx_word' id='word_1_71' title='bbox 201 1139 294 1200; x_wconf 90' lang='lat' dir='ltr'><strong>tionis</strong></span> <span class='ocrx_word' id='word_1_72' title='bbox 317 1141 426 1199; x_wconf 91' lang='lat' dir='ltr'><strong>ratio</strong></span> <span class='ocrx_word' id='word_1_73' title='bbox 418 1156 449 1198; x_wconf 92' lang='lat' dir='ltr'><strong>m</strong></span> <span class='ocrx_word' id='word_1_74' title='bbox 472 1126 526 1199; x_wconf 91' lang='lat' dir='ltr'><strong>iis</strong></span> <span class='ocrx_word' id='word_1_75' title='bbox 534 1141 586 1216; x_wconf 91' lang='lat' dir='ltr'><strong>qui</strong></span> <span class='ocrx_word' id='word_1_76' title='bbox 609 1139 679 1200; x_wconf 92' lang='lat' dir='ltr'><strong>huic</strong></span> <span class='ocrx_word' id='word_1_77' title='bbox 702 1139 828 1212; x_wconf 89' lang='lat' dir='ltr'><strong>mundo,</strong></span> <span class='ocrx_word' id='word_1_78' title='bbox 853 1142 904 1217; x_wconf 93' lang='lat' dir='ltr'><strong>qui</strong></span> <span class='ocrx_word' id='word_1_79' title='bbox 928 1145 1069 1200; x_wconf 83' lang='lat' dir='ltr'><strong>servatur</strong></span> <span class='ocrx_word' id='word_1_80' title='bbox 1087 1138 1124 1198; x_wconf 88' lang='lat' dir='ltr'><strong>ad</strong></span> <span class='ocrx_word' id='word_1_81' title='bbox 1147 1137 1319 1198; x_wconf 84' lang='lat' dir='ltr'><strong>incendium</strong></span> <span class='ocrx_word' id='word_1_82' title='bbox 1342 1138 1401 1199; x_wconf 90' lang='lat' dir='ltr'><strong>diei</strong></span> <span class='ocrx_word' id='word_1_83' title='bbox 1426 1157 1477 1200; x_wconf 85' lang='lat' dir='ltr'><strong>ex-</strong></span> 
     </span>
     <span class='ocr_line' id='line_1_10' title="bbox 199 1224 1476 1304; baseline 0.001 -20"><span class='ocrx_word' id='word_1_84' title='bbox 199 1225 303 1297; x_wconf 84' lang='lat' dir='ltr'><strong>tremi,</strong></span> <span class='ocrx_word' id='word_1_85' title='bbox 327 1241 389 1284; x_wconf 93' lang='lat' dir='ltr'><strong>non</strong></span> <span class='ocrx_word' id='word_1_86' title='bbox 411 1225 629 1298; x_wconf 87' lang='lat' dir='ltr'><strong>adscribuntur</strong></span> <span class='ocrx_word' id='word_1_87' title='bbox 651 1225 735 1304; x_wconf 88' lang='lat' dir='ltr'><strong>(ibid.</strong></span> <span class='ocrx_word' id='word_1_88' title='bbox 754 1227 811 1299; x_wconf 89' lang='grc' dir='ltr'>ΙΙΙ,</span> <span class='ocrx_word' id='word_1_89' title='bbox 831 1227 872 1304; x_wconf 82' lang='grc'><strong>6),</strong></span> <span class='ocrx_word' id='word_1_90' title='bbox 897 1243 1027 1303; x_wconf 90' lang='lat' dir='ltr'><strong>quorum</strong></span> <span class='ocrx_word' id='word_1_91' title='bbox 1051 1243 1089 1286; x_wconf 89' lang='lat' dir='ltr'><strong>ne</strong></span> <span class='ocrx_word' id='word_1_92' title='bbox 1112 1227 1242 1301; x_wconf 86' lang='lat' dir='ltr'><strong>vestigia</strong></span> <span class='ocrx_word' id='word_1_93' title='bbox 1273 1224 1394 1302; x_wconf 89' lang='lat' dir='ltr'><strong>quidem</strong></span> <span class='ocrx_word' id='word_1_94' title='bbox 1419 1242 1476 1285; x_wconf 90' lang='lat' dir='ltr'><strong>nec</strong></span> 
     </span>
     <span class='ocr_line' id='line_1_11' title="bbox 198 1310 1474 1390; baseline 0 -18"><span class='ocrx_word' id='word_1_95' title='bbox 198 1310 259 1372; x_wconf 87' lang='lat' dir='ltr'><strong>ulla</strong></span> <span class='ocrx_word' id='word_1_96' title='bbox 282 1312 427 1372; x_wconf 90' lang='lat' dir='ltr'><strong>vitiorum</strong></span> <span class='ocrx_word' id='word_1_97' title='bbox 450 1313 567 1372; x_wconf 89' lang='lat' dir='ltr'><strong>semina</strong></span> <span class='ocrx_word' id='word_1_98' title='bbox 590 1313 622 1372; x_wconf 90' lang='lat' dir='ltr'><strong>in</strong></span> <span class='ocrx_word' id='word_1_99' title='bbox 645 1329 682 1373; x_wconf 91' lang='lat' dir='ltr'><strong>eo</strong></span> <span class='ocrx_word' id='word_1_100' title='bbox 699 1313 780 1389; x_wconf 91' lang='lat' dir='ltr'><strong>quod</strong></span> <span class='ocrx_word' id='word_1_101' title='bbox 796 1317 868 1390; x_wconf 91' lang='lat' dir='ltr'><strong>post</strong></span> <span class='ocrx_word' id='word_1_102' title='bbox 884 1311 1029 1373; x_wconf 87' lang='lat' dir='ltr'><strong>diluuium</strong></span> <span class='ocrx_word' id='word_1_103' title='bbox 1046 1313 1121 1371; x_wconf 84' lang='lat' dir='ltr'><strong>uixit</strong></span> <span class='ocrx_word' id='word_1_104' title='bbox 1138 1327 1252 1388; x_wconf 88' lang='lat' dir='ltr'><strong>genere</strong></span> <span class='ocrx_word' id='word_1_105' title='bbox 1267 1312 1474 1389; x_wconf 90' lang='lat' dir='ltr'><strong>reperiuntur.</strong></span> 
     </span>
     <span class='ocr_line' id='line_1_12' title="bbox 199 1396 1476 1473; baseline -0.002 -15"><span class='ocrx_word' id='word_1_106' title='bbox 199 1396 288 1458; x_wconf 85' lang='lat' dir='ltr'><strong>Stare</strong></span> <span class='ocrx_word' id='word_1_107' title='bbox 311 1396 433 1458; x_wconf 82' lang='lat' dir='ltr'><strong>videtur</strong></span> <span class='ocrx_word' id='word_1_108' title='bbox 455 1396 492 1457; x_wconf 89' lang='lat' dir='ltr'><strong>de</strong></span> <span class='ocrx_word' id='word_1_109' title='bbox 515 1396 563 1458; x_wconf 91' lang='lat' dir='ltr'><strong>his</strong></span> <span class='ocrx_word' id='word_1_110' title='bbox 582 1397 696 1473; x_wconf 89' lang='lat' dir='ltr'><strong>judicis</strong></span> <span class='ocrx_word' id='word_1_111' title='bbox 719 1401 887 1470; x_wconf 86' lang='lat' dir='ltr'><strong>sententia,</strong></span> <span class='ocrx_word' id='word_1_112' title='bbox 912 1398 994 1458; x_wconf 92' lang='lat' dir='ltr'><strong>nullo</strong></span> <span class='ocrx_word' id='word_1_113' title='bbox 1018 1398 1108 1458; x_wconf 89' lang='lat' dir='ltr'><strong>modo</strong></span> <span class='ocrx_word' id='word_1_114' title='bbox 1131 1396 1273 1456; x_wconf 90' lang='lat' dir='ltr'><strong>mutanda</strong></span> <span class='ocrx_word' id='word_1_115' title='bbox 1295 1414 1352 1473; x_wconf 91' lang='lat' dir='ltr'><strong>per</strong></span> <span class='ocrx_word' id='word_1_116' title='bbox 1371 1396 1476 1458; x_wconf 84' lang='lat' dir='ltr'><strong>mundi</strong></span> 
     </span>
     <span class='ocr_line' id='line_1_13' title="bbox 198 1481 1475 1561; baseline -0.001 -19"><span class='ocrx_word' id='word_1_117' title='bbox 198 1487 337 1561; x_wconf 87' lang='lat' dir='ltr'><strong>tempora</strong></span> <span class='ocrx_word' id='word_1_118' title='bbox 361 1501 441 1561; x_wconf 85' lang='lat' dir='ltr'><strong>quae</strong></span> <span class='ocrx_word' id='word_1_119' title='bbox 464 1481 609 1544; x_wconf 88' lang='lat' dir='ltr'><strong>diluvium</strong></span> <span class='ocrx_word' id='word_1_120' title='bbox 637 1489 742 1544; x_wconf 87' lang='lat' dir='ltr'><strong>secuta</strong></span> <span class='ocrx_word' id='word_1_121' title='bbox 771 1490 850 1545; x_wconf 89' lang='lat' dir='ltr'><strong>sunt.</strong></span> <span class='ocrx_word' id='word_1_122' title='bbox 892 1484 1002 1560; x_wconf 77' lang='lat' dir='ltr'><strong>Quidni</strong></span> <span class='ocrx_word' id='word_1_123' title='bbox 1029 1485 1123 1560; x_wconf 90' lang='lat' dir='ltr'><strong>igitur</strong></span> <span class='ocrx_word' id='word_1_124' title='bbox 1150 1488 1220 1542; x_wconf 91' lang='lat' dir='ltr'><strong>ante</strong></span> <span class='ocrx_word' id='word_1_125' title='bbox 1249 1482 1342 1559; x_wconf 86' lang='lat' dir='ltr'><strong>buJ&#39;us</strong></span> <span class='ocrx_word' id='word_1_126' title='bbox 1371 1481 1475 1544; x_wconf 89' lang='lat' dir='ltr'><strong>mundi</strong></span> 
     </span>
     <span class='ocr_line' id='line_1_14' title="bbox 177 1568 1475 1647; baseline 0 -19"><span class='ocrx_word' id='word_1_127' title='bbox 177 1611 179 1628; x_wconf 86' lang='lat'><em>.</em></span> <span class='ocrx_word' id='word_1_128' title='bbox 198 1571 492 1630; x_wconf 88' lang='lat' dir='ltr'><strong>consummationem</strong></span> <span class='ocrx_word' id='word_1_129' title='bbox 516 1573 693 1647; x_wconf 89' lang='lat' dir='ltr'><strong>apparuerit</strong></span> <span class='ocrx_word' id='word_1_130' title='bbox 715 1573 796 1631; x_wconf 89' lang='lat' dir='ltr'><strong>inter</strong></span> <span class='ocrx_word' id='word_1_131' title='bbox 818 1587 874 1631; x_wconf 88' lang='lat' dir='ltr'><strong>cos</strong></span> <span class='ocrx_word' id='word_1_132' title='bbox 897 1570 1038 1631; x_wconf 87' lang='lat' dir='ltr'><strong>Christus</strong></span> <span class='ocrx_word' id='word_1_133' title='bbox 1062 1569 1098 1628; x_wconf 94' lang='lat' dir='ltr'><strong>ad</strong></span> <span class='ocrx_word' id='word_1_134' title='bbox 1110 1568 1259 1646; x_wconf 81' lang='lat' dir='ltr'><strong>Judicium</strong></span> <span class='ocrx_word' id='word_1_135' title='bbox 1275 1570 1346 1628; x_wconf 91' lang='lat' dir='ltr'><strong>olim</strong></span> <span class='ocrx_word' id='word_1_136' title='bbox 1362 1569 1475 1629; x_wconf 87' lang='lat' dir='ltr'><strong>immis-</strong></span> 
     </span>
     <span class='ocr_line' id='line_1_15' title="bbox 201 1654 1474 1733; baseline -0.001 -18"><span class='ocrx_word' id='word_1_137' title='bbox 201 1671 273 1716; x_wconf 87' lang='lat' dir='ltr'><strong>sum</strong></span> <span class='ocrx_word' id='word_1_138' title='bbox 292 1661 468 1733; x_wconf 90' lang='lat' dir='ltr'><strong>statumque</strong></span> <span class='ocrx_word' id='word_1_139' title='bbox 496 1673 558 1732; x_wconf 96' lang='lat' dir='ltr'><strong>quo</strong></span> <span class='ocrx_word' id='word_1_140' title='bbox 586 1662 768 1717; x_wconf 87' lang='lat' dir='ltr'><strong>tenerentur</strong></span> <span class='ocrx_word' id='word_1_141' title='bbox 794 1675 849 1718; x_wconf 88' lang='lat' dir='ltr'><strong>sua</strong></span> <span class='ocrx_word' id='word_1_142' title='bbox 869 1658 1050 1717; x_wconf 87' lang='lat' dir='ltr'><strong>auctoritate</strong></span> <span class='ocrx_word' id='word_1_143' title='bbox 1073 1654 1279 1716; x_wconf 88' lang='lat' dir='ltr'><strong>sanciendum.</strong></span> <span class='ocrx_word' id='word_1_144' title='bbox 1325 1655 1474 1728; x_wconf 77' lang='lat' dir='ltr'><strong>Quoniam</strong></span> 
     </span>
     <span class='ocr_line' id='line_1_16' title="bbox 87 1739 1475 1843; baseline 0.001 -43"><span class='ocrx_word' id='word_1_145' title='bbox 87 1749 91 1762; x_wconf 89' lang='lat'>&#39;</span> <span class='ocrx_word' id='word_1_146' title='bbox 200 1739 305 1802; x_wconf 90' lang='lat' dir='ltr'><strong>mundi</strong></span> <span class='ocrx_word' id='word_1_147' title='bbox 321 1741 470 1817; x_wconf 87' lang='lat' dir='ltr'><strong>jndicium</strong></span> <span class='ocrx_word' id='word_1_148' title='bbox 493 1743 551 1802; x_wconf 85' lang='lat' dir='ltr'><strong>luit</strong></span> <span class='ocrx_word' id='word_1_149' title='bbox 567 1743 659 1802; x_wconf 88' lang='lat' dir='ltr'><strong>etiam</strong></span> <span class='ocrx_word' id='word_1_150' title='bbox 674 1742 747 1803; x_wconf 91' lang='lat' dir='ltr'><strong>illud</strong></span> <span class='ocrx_word' id='word_1_151' title='bbox 771 1743 875 1803; x_wconf 89' lang='lat' dir='ltr'><strong>diluvii</strong></span> <span class='ocrx_word' id='word_1_152' title='bbox 884 1742 1082 1843; x_wconf 88' lang='lat' dir='ltr'><strong>,postulatur</strong></span> <span class='ocrx_word' id='word_1_153' title='bbox 1096 1743 1163 1802; x_wconf 84' lang='lat' dir='ltr'><strong>iere</strong></span> <span class='ocrx_word' id='word_1_154' title='bbox 1182 1745 1217 1800; x_wconf 92' lang='lat' dir='ltr'><strong>ut</strong></span> <span class='ocrx_word' id='word_1_155' title='bbox 1231 1740 1344 1800; x_wconf 80' lang='lat' dir='ltr'><strong>Christi</strong></span> <span class='ocrx_word' id='word_1_156' title='bbox 1361 1745 1475 1818; x_wconf 84' lang='lat' dir='ltr'><strong>quippe</strong></span> 
     </span>
     <span class='ocr_line' id='line_1_17' title="bbox 194 1825 1507 1908; baseline 0 -22"><span class='ocrx_word' id='word_1_157' title='bbox 194 1826 308 1904; x_wconf 88' lang='lat' dir='ltr'><strong>judicis</strong></span> <span class='ocrx_word' id='word_1_158' title='bbox 331 1825 436 1889; x_wconf 87' lang='lat' dir='ltr'><strong>rnnndi</strong></span> <span class='ocrx_word' id='word_1_159' title='bbox 456 1846 512 1888; x_wconf 90' lang='lat' dir='ltr'><strong>auc</strong></span> <span class='ocrx_word' id='word_1_160' title='bbox 513 1829 639 1888; x_wconf 87' lang='lat' dir='ltr'><strong>toritate</strong></span> <span class='ocrx_word' id='word_1_161' title='bbox 663 1829 815 1906; x_wconf 87' lang='lat' dir='ltr'><strong>quondam</strong></span> <span class='ocrx_word' id='word_1_162' title='bbox 838 1831 988 1889; x_wconf 90' lang='lat' dir='ltr'><strong>sancitum</strong></span> <span class='ocrx_word' id='word_1_163' title='bbox 1011 1834 1171 1908; x_wconf 85' lang='lat' dir='ltr'><strong>appareat.</strong></span> <span class='ocrx_word' id='word_1_164' title='bbox 1505 1847 1507 1852; x_wconf 55' lang='lat'><strong><em>¹</em></strong></span> 
     </span>
     <span class='ocr_line' id='line_1_18' title="bbox 169 1912 1476 1993; baseline -0.002 -19"><span class='ocrx_word' id='word_1_165' title='bbox 169 1955 171 1962; x_wconf 87' lang='lat'>-</span> <span class='ocrx_word' id='word_1_166' title='bbox 286 1914 355 1974; x_wconf 87' lang='lat' dir='ltr'><strong>Jam</strong></span> <span class='ocrx_word' id='word_1_167' title='bbox 379 1916 640 1974; x_wconf 85' lang='lat' dir='ltr'><strong>resurrectionem</strong></span> <span class='ocrx_word' id='word_1_168' title='bbox 660 1914 899 1991; x_wconf 90' lang='lat' dir='ltr'><strong>quidemcarnis</strong></span> <span class='ocrx_word' id='word_1_169' title='bbox 921 1919 1102 1993; x_wconf 89' lang='lat' dir='ltr'><strong>exspectant</strong></span> <span class='ocrx_word' id='word_1_170' title='bbox 1123 1914 1165 1974; x_wconf 90' lang='lat' dir='ltr'><strong>ilii</strong></span> <span class='ocrx_word' id='word_1_171' title='bbox 1188 1930 1255 1973; x_wconf 88' lang='lat' dir='ltr'><strong>cum</strong></span> <span class='ocrx_word' id='word_1_172' title='bbox 1272 1913 1400 1990; x_wconf 90' lang='lat' dir='ltr'><strong>reliquis</strong></span> <span class='ocrx_word' id='word_1_173' title='bbox 1421 1912 1476 1972; x_wconf 90' lang='lat' dir='ltr'><strong>bo-</strong></span> 
     </span>
     <span class='ocr_line' id='line_1_19' title="bbox 200 2000 1477 2078; baseline 0 -19"><span class='ocrx_word' id='word_1_174' title='bbox 200 2000 314 2060; x_wconf 90' lang='lat' dir='ltr'><strong>minum</strong></span> <span class='ocrx_word' id='word_1_175' title='bbox 336 2000 518 2075; x_wconf 86' lang='lat' dir='ltr'><strong>generibus,</strong></span> <span class='ocrx_word' id='word_1_176' title='bbox 542 2006 722 2076; x_wconf 87' lang='lat' dir='ltr'><strong>exspectant</strong></span> <span class='ocrx_word' id='word_1_177' title='bbox 750 2019 765 2060; x_wconf 85' lang='lat' dir='ltr'><strong>a</strong></span> <span class='ocrx_word' id='word_1_178' title='bbox 786 2000 902 2078; x_wconf 78' lang='lat' dir='ltr'><strong>Judicio</strong></span> <span class='ocrx_word' id='word_1_179' title='bbox 926 2006 1064 2061; x_wconf 86' lang='lat' dir='ltr'><strong>extremo</strong></span> <span class='ocrx_word' id='word_1_180' title='bbox 1088 2001 1225 2060; x_wconf 90' lang='lat' dir='ltr'><strong>criminis</strong></span> <span class='ocrx_word' id='word_1_181' title='bbox 1249 2001 1406 2060; x_wconf 86' lang='lat' dir='ltr'><strong>commissi</strong></span> <span class='ocrx_word' id='word_1_182' title='bbox 1427 2015 1477 2059; x_wconf 90' lang='lat' dir='ltr'><strong>co-</strong></span> 
     </span>
     <span class='ocr_line' id='line_1_20' title="bbox 201 2085 1477 2165; baseline 0.002 -21"><span class='ocrx_word' id='word_1_183' title='bbox 201 2100 266 2146; x_wconf 86' lang='lat' dir='ltr'><strong>ram</strong></span> <span class='ocrx_word' id='word_1_184' title='bbox 290 2085 432 2147; x_wconf 86' lang='lat' dir='ltr'><strong>omnibus</strong></span> <span class='ocrx_word' id='word_1_185' title='bbox 455 2087 737 2163; x_wconf 78' lang='lat' dir='ltr'><strong>exprobrationem,</strong></span> <span class='ocrx_word' id='word_1_186' title='bbox 762 2088 903 2165; x_wconf 89' lang='lat' dir='ltr'><strong>supplicii</strong></span> <span class='ocrx_word' id='word_1_187' title='bbox 919 2087 1051 2165; x_wconf 89' lang='lat' dir='ltr'><strong>denique</strong></span> <span class='ocrx_word' id='word_1_188' title='bbox 1068 2085 1338 2162; x_wconf 86' lang='lat' dir='ltr'><strong>complementum:</strong></span> <span class='ocrx_word' id='word_1_189' title='bbox 1363 2085 1477 2148; x_wconf 78' lang='lat' dir='ltr'><strong>Christi</strong></span> 
     </span>
     <span class='ocr_line' id='line_1_21' title="bbox 198 2171 1475 2252; baseline -0.001 -20"><span class='ocrx_word' id='word_1_190' title='bbox 198 2187 273 2233; x_wconf 86' lang='lat' dir='ltr'><strong>vero</strong></span> <span class='ocrx_word' id='word_1_191' title='bbox 290 2171 405 2249; x_wconf 87' lang='lat' dir='ltr'><strong>judicis</strong></span> <span class='ocrx_word' id='word_1_192' title='bbox 434 2174 585 2250; x_wconf 80' lang='lat' dir='ltr'><strong>apparitio</strong></span> <span class='ocrx_word' id='word_1_193' title='bbox 609 2191 687 2250; x_wconf 90' lang='lat' dir='ltr'><strong>quac</strong></span> <span class='ocrx_word' id='word_1_194' title='bbox 714 2173 843 2252; x_wconf 90' lang='lat' dir='ltr'><strong>reliquis</strong></span> <span class='ocrx_word' id='word_1_195' title='bbox 868 2175 925 2234; x_wconf 90' lang='lat' dir='ltr'><strong>sub</strong></span> <span class='ocrx_word' id='word_1_196' title='bbox 948 2175 1039 2234; x_wconf 83' lang='lat' dir='ltr'><strong>finem</strong></span> <span class='ocrx_word' id='word_1_197' title='bbox 1062 2174 1154 2250; x_wconf 93' lang='lat' dir='ltr'><strong>th&#39;us</strong></span> <span class='ocrx_word' id='word_1_198' title='bbox 1183 2172 1287 2246; x_wconf 87' lang='lat' dir='ltr'><strong>mundi</strong></span> <span class='ocrx_word' id='word_1_199' title='bbox 1308 2173 1475 2248; x_wconf 90' lang='lat' dir='ltr'><strong>continget,</strong></span> 
     </span>
     <span class='ocr_line' id='line_1_22' title="bbox 200 2257 1480 2337; baseline 0 -19"><span class='ocrx_word' id='word_1_200' title='bbox 200 2257 261 2319; x_wconf 91' lang='lat' dir='ltr'><strong>illis</strong></span> <span class='ocrx_word' id='word_1_201' title='bbox 278 2275 371 2336; x_wconf 92' lang='lat' dir='ltr'><strong>quum</strong></span> <span class='ocrx_word' id='word_1_202' title='bbox 388 2257 547 2319; x_wconf 90' lang='lat' dir='ltr'><strong>descendit</strong></span> <span class='ocrx_word' id='word_1_203' title='bbox 570 2259 718 2320; x_wconf 90' lang='lat' dir='ltr'><strong>accidisse</strong></span> <span class='ocrx_word' id='word_1_204' title='bbox 734 2259 863 2323; x_wconf 88' lang='lat' dir='ltr'><strong>videtur.</strong></span> <span class='ocrx_word' id='word_1_205' title='bbox 898 2259 1036 2337; x_wconf 83' lang='lat' dir='ltr'><strong>Regnum</strong></span> <span class='ocrx_word' id='word_1_206' title='bbox 1053 2261 1133 2320; x_wconf 90' lang='lat' dir='ltr'><strong>enim</strong></span> <span class='ocrx_word' id='word_1_207' title='bbox 1148 2258 1260 2318; x_wconf 87' lang='lat' dir='ltr'><strong>Christi</strong></span> <span class='ocrx_word' id='word_1_208' title='bbox 1284 2257 1406 2335; x_wconf 88' lang='lat' dir='ltr'><strong>quando</strong></span> <span class='ocrx_word' id='word_1_209' title='bbox 1425 2257 1480 2318; x_wconf 52' lang='lat' dir='ltr'><strong>dee</strong></span> 
     </span>
     <span class='ocr_line' id='line_1_23' title="bbox 198 2343 1477 2423; baseline 0.001 -20"><span class='ocrx_word' id='word_1_210' title='bbox 198 2344 291 2420; x_wconf 92' lang='lat' dir='ltr'><strong>nique</strong></span> <span class='ocrx_word' id='word_1_211' title='bbox 311 2346 343 2403; x_wconf 91' lang='lat' dir='ltr'><strong>in</strong></span> <span class='ocrx_word' id='word_1_212' title='bbox 366 2343 479 2404; x_wconf 88' lang='lat' dir='ltr'><strong>mundo</strong></span> <span class='ocrx_word' id='word_1_213' title='bbox 498 2346 550 2421; x_wconf 93' lang='lat' dir='ltr'><strong>qui</strong></span> <span class='ocrx_word' id='word_1_214' title='bbox 572 2362 653 2405; x_wconf 89' lang='lat' dir='ltr'><strong>nunc</strong></span> <span class='ocrx_word' id='word_1_215' title='bbox 670 2351 718 2406; x_wconf 91' lang='lat' dir='ltr'><strong>est</strong></span> <span class='ocrx_word' id='word_1_216' title='bbox 733 2349 939 2406; x_wconf 88' lang='lat' dir='ltr'><strong>constituatur</strong></span> <span class='ocrx_word' id='word_1_217' title='bbox 961 2345 1034 2423; x_wconf 90' lang='lat' dir='ltr'><strong>quid</strong></span> <span class='ocrx_word' id='word_1_218' title='bbox 1054 2351 1162 2406; x_wconf 87' lang='lat' dir='ltr'><strong>curant</strong></span> <span class='ocrx_word' id='word_1_219' title='bbox 1183 2346 1251 2415; x_wconf 90' lang='lat' dir='ltr'><strong>isti,</strong></span> <span class='ocrx_word' id='word_1_220' title='bbox 1275 2344 1353 2404; x_wconf 88' lang='lat' dir='ltr'><strong>alius</strong></span> <span class='ocrx_word' id='word_1_221' title='bbox 1372 2343 1477 2404; x_wconf 89' lang='lat' dir='ltr'><strong>mundi</strong></span> 
     </span>
     <span class='ocr_line' id='line_1_24' title="bbox 199 2429 1477 2509; baseline 0 -19"><span class='ocrx_word' id='word_1_222' title='bbox 199 2430 293 2492; x_wconf 81' lang='lat' dir='ltr'><strong>ciues.</strong></span> <span class='ocrx_word' id='word_1_223' title='bbox 339 2429 397 2490; x_wconf 91' lang='lat' dir='ltr'><strong>Ubi</strong></span> <span class='ocrx_word' id='word_1_224' title='bbox 424 2430 503 2507; x_wconf 88' lang='lat' dir='ltr'><strong>apud</strong></span> <span class='ocrx_word' id='word_1_225' title='bbox 537 2432 653 2492; x_wconf 87' lang='lat' dir='ltr'><strong>inieras</strong></span> <span class='ocrx_word' id='word_1_226' title='bbox 677 2437 708 2492; x_wconf 91' lang='lat' dir='ltr'><strong>et</strong></span> <span class='ocrx_word' id='word_1_227' title='bbox 736 2435 766 2492; x_wconf 91' lang='lat' dir='ltr'><strong>in</strong></span> <span class='ocrx_word' id='word_1_228' title='bbox 793 2432 888 2493; x_wconf 90' lang='lat' dir='ltr'><strong>coelis</strong></span> <span class='ocrx_word' id='word_1_229' title='bbox 912 2433 1053 2509; x_wconf 90' lang='lat' dir='ltr'><strong>apparuit</strong></span> <span class='ocrx_word' id='word_1_230' title='bbox 1080 2431 1295 2501; x_wconf 89' lang='lat' dir='ltr'><strong>constitutum,</strong></span> <span class='ocrx_word' id='word_1_231' title='bbox 1326 2430 1477 2490; x_wconf 88' lang='lat' dir='ltr'><strong>illiserat</strong></span> 
     </span>
     <span class='ocr_line' id='line_1_25' title="bbox 149 2513 1477 2596; baseline -0.001 -20"><span class='ocrx_word' id='word_1_232' title='bbox 149 2520 153 2532; x_wconf 91' lang='grc'><em>“</em></span> <span class='ocrx_word' id='word_1_233' title='bbox 201 2513 256 2576; x_wconf 82' lang='lat' dir='ltr'><strong>re&#39;x</strong></span> <span class='ocrx_word' id='word_1_234' title='bbox 274 2515 471 2593; x_wconf 84' lang='lat' dir='ltr'><strong>appellandus</strong></span> <span class='ocrx_word' id='word_1_235' title='bbox 487 2521 519 2576; x_wconf 89' lang='lat' dir='ltr'><strong>et</strong></span> <span class='ocrx_word' id='word_1_236' title='bbox 529 2516 626 2594; x_wconf 79' lang='lat' dir='ltr'><strong>J&#39;uden</strong></span> <span class='ocrx_word' id='word_1_237' title='bbox 645 2518 795 2579; x_wconf 88' lang='lat' dir='ltr'><strong>Christus.</strong></span> <span class='ocrx_word' id='word_1_238' title='bbox 826 2521 918 2596; x_wconf 81' lang='lat' dir='ltr'><strong>Atqui</strong></span> <span class='ocrx_word' id='word_1_239' title='bbox 931 2519 989 2578; x_wconf 94' lang='lat' dir='ltr'><strong>hcc</strong></span> <span class='ocrx_word' id='word_1_240' title='bbox 1007 2519 1106 2595; x_wconf 91' lang='lat' dir='ltr'><strong>ipsum</strong></span> <span class='ocrx_word' id='word_1_241' title='bbox 1124 2521 1246 2594; x_wconf 89' lang='lat' dir='ltr'><strong>tempus</strong></span> <span class='ocrx_word' id='word_1_242' title='bbox 1263 2518 1352 2594; x_wconf 89' lang='lat' dir='ltr'><strong>regni</strong></span> <span class='ocrx_word' id='word_1_243' title='bbox 1364 2515 1477 2576; x_wconf 89' lang='lat' dir='ltr'><strong>Christi</strong></span> 
     </span>
     <span class='ocr_line' id='line_1_26' title="bbox 200 2601 1475 2681; baseline 0.001 -20"><span class='ocrx_word' id='word_1_244' title='bbox 200 2601 278 2680; x_wconf 82' lang='lat' dir='ltr'><strong>apud</strong></span> <span class='ocrx_word' id='word_1_245' title='bbox 295 2602 411 2662; x_wconf 80' lang='lat' dir='ltr'><strong>interos</strong></span> <span class='ocrx_word' id='word_1_246' title='bbox 432 2619 493 2662; x_wconf 91' lang='lat' dir='ltr'><strong>non</strong></span> <span class='ocrx_word' id='word_1_247' title='bbox 513 2603 613 2663; x_wconf 90' lang='lat' dir='ltr'><strong>minus</strong></span> <span class='ocrx_word' id='word_1_248' title='bbox 629 2621 720 2681; x_wconf 87' lang='lat' dir='ltr'><strong>quarn</strong></span> <span class='ocrx_word' id='word_1_249' title='bbox 736 2604 815 2681; x_wconf 89' lang='lat' dir='ltr'><strong>apud</strong></span> <span class='ocrx_word' id='word_1_250' title='bbox 834 2605 989 2665; x_wconf 91' lang='lat' dir='ltr'><strong>coelestes</strong></span> <span class='ocrx_word' id='word_1_251' title='bbox 1007 2602 1214 2663; x_wconf 90' lang='lat' dir='ltr'><strong>constituendi</strong></span> <span class='ocrx_word' id='word_1_252' title='bbox 1232 2601 1353 2662; x_wconf 89' lang='lat' dir='ltr'><strong>videtur</strong></span> <span class='ocrx_word' id='word_1_253' title='bbox 1364 2603 1475 2662; x_wconf 87' lang='lat' dir='ltr'><strong>Petrus</strong></span> 
     </span>
     <span class='ocr_line' id='line_1_27' title="bbox 198 2688 1477 2768; baseline 0.001 -20"><span class='ocrx_word' id='word_1_254' title='bbox 198 2689 388 2764; x_wconf 87' lang='lat' dir='ltr'><strong>significare,</strong></span> <span class='ocrx_word' id='word_1_255' title='bbox 414 2706 507 2764; x_wconf 88' lang='lat' dir='ltr'><strong>quum</strong></span> <span class='ocrx_word' id='word_1_256' title='bbox 524 2688 652 2766; x_wconf 84' lang='lat' dir='ltr'><strong>gloriam</strong></span> <span class='ocrx_word' id='word_1_257' title='bbox 675 2708 690 2750; x_wconf 91' lang='lat' dir='ltr'><strong>a</strong></span> <span class='ocrx_word' id='word_1_258' title='bbox 710 2691 833 2751; x_wconf 91' lang='lat' dir='ltr'><strong>Christo</strong></span> <span class='ocrx_word' id='word_1_259' title='bbox 851 2696 925 2768; x_wconf 93' lang='lat' dir='ltr'><strong>post</strong></span> <span class='ocrx_word' id='word_1_260' title='bbox 947 2696 1028 2750; x_wconf 92' lang='lat' dir='ltr'><strong>mort</strong></span> <span class='ocrx_word' id='word_1_261' title='bbox 1029 2707 1075 2750; x_wconf 91' lang='lat' dir='ltr'><strong>em</strong></span> <span class='ocrx_word' id='word_1_262' title='bbox 1093 2689 1271 2766; x_wconf 87' lang='lat' dir='ltr'><strong>acquisitam</strong></span> <span class='ocrx_word' id='word_1_263' title='bbox 1289 2689 1477 2749; x_wconf 85' lang='lat' dir='ltr'><strong>manifestari</strong></span> 
     </span>
     <span class='ocr_line' id='line_1_28' title="bbox 202 2773 1476 2852; baseline -0.001 -18"><span class='ocrx_word' id='word_1_264' title='bbox 202 2773 297 2834; x_wconf 89' lang='lat' dir='ltr'><strong>dicat</strong></span> <span class='ocrx_word' id='word_1_265' title='bbox 305 2774 416 2851; x_wconf 87' lang='lat' dir='ltr'><strong>duplici</strong></span> <span class='ocrx_word' id='word_1_266' title='bbox 439 2774 489 2833; x_wconf 88' lang='lat' dir='ltr'><strong>ilia</strong></span> <span class='ocrx_word' id='word_1_267' title='bbox 511 2776 733 2851; x_wconf 87' lang='lat' dir='ltr'><strong>proiectione</strong></span> <span class='ocrx_word' id='word_1_268' title='bbox 725 2795 756 2836; x_wconf 88' lang='grc' dir='ltr'><strong>ΙΙΙ</strong></span> <span class='ocrx_word' id='word_1_269' title='bbox 779 2793 934 2838; x_wconf 87' lang='lat' dir='ltr'><strong>carcerem</strong></span> <span class='ocrx_word' id='word_1_270' title='bbox 957 2778 1018 2837; x_wconf 88' lang='lat' dir='ltr'><strong>et</strong></span> <span class='ocrx_word' id='word_1_271' title='bbox 1010 2794 1041 2836; x_wconf 91' lang='grc' dir='ltr'><strong>ΙΙΙ</strong></span> <span class='ocrx_word' id='word_1_272' title='bbox 1064 2776 1182 2836; x_wconf 87' lang='lat' dir='ltr'><strong>coelum</strong></span> <span class='ocrx_word' id='word_1_273' title='bbox 1202 2773 1350 2852; x_wconf 88' lang='lat' dir='ltr'><strong>subjectis</strong></span> <span class='ocrx_word' id='word_1_274' title='bbox 1367 2774 1476 2834; x_wconf 81' lang='lat' dir='ltr'><strong>exinde</strong></span> 
     </span>
     <span class='ocr_line' id='line_1_29' title="bbox 202 2859 1477 2946; baseline 0.001 -26"><span class='ocrx_word' id='word_1_275' title='bbox 202 2860 319 2938; x_wconf 90' lang='lat' dir='ltr'><strong>angelis</strong></span> <span class='ocrx_word' id='word_1_276' title='bbox 343 2877 525 2937; x_wconf 82' lang='lat' dir='ltr'><strong>eorumque</strong></span> <span class='ocrx_word' id='word_1_277' title='bbox 535 2878 631 2937; x_wconf 86' lang='lat' dir='ltr'><strong>regno</strong></span> <span class='ocrx_word' id='word_1_278' title='bbox 655 2869 687 2922; x_wconf 90' lang='lat' dir='ltr'><strong>et</strong></span> <span class='ocrx_word' id='word_1_279' title='bbox 707 2864 865 2946; x_wconf 85' lang='lat' dir='ltr'><strong>imperio.¹</strong></span> <span class='ocrx_word' id='word_1_280' title='bbox 913 2864 970 2939; x_wconf 76' lang='lat' dir='ltr'><strong>Qui</strong></span> <span class='ocrx_word' id='word_1_281' title='bbox 991 2864 1086 2940; x_wconf 88' lang='lat' dir='ltr'><strong>igitur</strong></span> <span class='ocrx_word' id='word_1_282' title='bbox 1108 2861 1231 2922; x_wconf 90' lang='lat' dir='ltr'><strong>tandem</strong></span> <span class='ocrx_word' id='word_1_283' title='bbox 1254 2859 1292 2921; x_wconf 89' lang='lat' dir='ltr'><strong>de</strong></span> <span class='ocrx_word' id='word_1_284' title='bbox 1314 2861 1402 2922; x_wconf 91' lang='lat' dir='ltr'><strong>coelo</strong></span> <span class='ocrx_word' id='word_1_285' title='bbox 1425 2859 1477 2921; x_wconf 86' lang='lat' dir='ltr'><strong>dc-</strong></span> 
     </span>
     <span class='ocr_line' id='line_1_30' title="bbox 203 2931 1477 3025; baseline 0 -17"><span class='ocrx_word' id='word_1_286' title='bbox 203 2946 332 3008; x_wconf 88' lang='lat' dir='ltr'><strong>scendet</strong></span> <span class='ocrx_word' id='word_1_287' title='bbox 342 2945 451 3022; x_wconf 84' lang='lat' dir='ltr'><strong>judex,</strong></span> <span class='ocrx_word' id='word_1_288' title='bbox 475 2964 569 3024; x_wconf 90' lang='lat' dir='ltr'><strong>quum</strong></span> <span class='ocrx_word' id='word_1_289' title='bbox 585 2965 664 3025; x_wconf 91' lang='lat' dir='ltr'><strong>quae</strong></span> <span class='ocrx_word' id='word_1_290' title='bbox 688 2948 758 3010; x_wconf 92' lang='lat' dir='ltr'><strong>huic</strong></span> <span class='ocrx_word' id='word_1_291' title='bbox 782 2931 895 3009; x_wconf 80' lang='lat' dir='ltr'><strong>mundo</strong></span> <span class='ocrx_word' id='word_1_292' title='bbox 911 2949 1062 3010; x_wconf 90' lang='lat' dir='ltr'><strong>destinata</strong></span> <span class='ocrx_word' id='word_1_293' title='bbox 1079 2953 1151 3008; x_wconf 90' lang='lat' dir='ltr'><strong>sunt</strong></span> <span class='ocrx_word' id='word_1_294' title='bbox 1167 2949 1273 3008; x_wconf 83' lang='lat' dir='ltr'><strong>exDei</strong></span> <span class='ocrx_word' id='word_1_295' title='bbox 1289 2947 1477 3024; x_wconf 87' lang='lat' dir='ltr'><strong>benignitate</strong></span> 
     </span>
     <span class='ocr_line' id='line_1_31' title="bbox 160 3032 1510 3112; baseline 0.001 -19"><span class='ocrx_word' id='word_1_296' title='bbox 160 3079 163 3086; x_wconf 86' lang='lat'>.</span> <span class='ocrx_word' id='word_1_297' title='bbox 202 3032 313 3093; x_wconf 82' lang='lat' dir='ltr'><strong>salutis</strong></span> <span class='ocrx_word' id='word_1_298' title='bbox 333 3036 469 3110; x_wconf 89' lang='lat' dir='ltr'><strong>tempora</strong></span> <span class='ocrx_word' id='word_1_299' title='bbox 485 3034 695 3111; x_wconf 89' lang='lat' dir='ltr'><strong>praeterlapsa</strong></span> <span class='ocrx_word' id='word_1_300' title='bbox 712 3037 840 3106; x_wconf 86' lang='lat' dir='ltr'><strong>fuerint,</strong></span> <span class='ocrx_word' id='word_1_301' title='bbox 866 3035 945 3096; x_wconf 91' lang='lat' dir='ltr'><strong>idem</strong></span> <span class='ocrx_word' id='word_1_302' title='bbox 962 3042 995 3095; x_wconf 87' lang='lat' dir='ltr'><strong>ut</strong></span> <span class='ocrx_word' id='word_1_303' title='bbox 1016 3035 1147 3112; x_wconf 90' lang='lat' dir='ltr'><strong>primum</strong></span> <span class='ocrx_word' id='word_1_304' title='bbox 1161 3032 1274 3110; x_wconf 87' lang='lat' dir='ltr'><strong>judicis</strong></span> <span class='ocrx_word' id='word_1_305' title='bbox 1290 3039 1476 3110; x_wconf 88' lang='lat' dir='ltr'><strong>potestatem</strong></span> <span class='ocrx_word' id='word_1_306' title='bbox 1507 3049 1510 3056; x_wconf 88' lang='lat'><em>·</em></span> 
     </span>
     <span class='ocr_line' id='line_1_32' title="bbox 202 3119 1474 3198; baseline 0.001 -20"><span class='ocrx_word' id='word_1_307' title='bbox 202 3134 261 3178; x_wconf 89' lang='lat' dir='ltr'><strong>nna</strong></span> <span class='ocrx_word' id='word_1_308' title='bbox 285 3135 353 3179; x_wconf 89' lang='lat' dir='ltr'><strong>cum</strong></span> <span class='ocrx_word' id='word_1_309' title='bbox 378 3119 459 3179; x_wconf 82' lang='lat' dir='ltr'><strong>vitae</strong></span> <span class='ocrx_word' id='word_1_310' title='bbox 482 3120 651 3196; x_wconf 85' lang='lat' dir='ltr'><strong>spiritualis</strong></span> <span class='ocrx_word' id='word_1_311' title='bbox 675 3124 705 3182; x_wconf 88' lang='lat' dir='ltr'><strong>vi</strong></span> <span class='ocrx_word' id='word_1_312' title='bbox 727 3126 759 3180; x_wconf 89' lang='lat' dir='ltr'><strong>et</strong></span> <span class='ocrx_word' id='word_1_313' title='bbox 782 3121 877 3197; x_wconf 91' lang='lat' dir='ltr'><strong>gioria</strong></span> <span class='ocrx_word' id='word_1_314' title='bbox 900 3126 1007 3182; x_wconf 90' lang='lat' dir='ltr'><strong>nactus</strong></span> <span class='ocrx_word' id='word_1_315' title='bbox 1031 3126 1080 3181; x_wconf 90' lang='lat' dir='ltr'><strong>est</strong></span> <span class='ocrx_word' id='word_1_316' title='bbox 1102 3120 1135 3198; x_wconf 88' lang='lat' dir='ltr'><strong>(l</strong></span> <span class='ocrx_word' id='word_1_317' title='bbox 1157 3135 1204 3197; x_wconf 90' lang='lat' dir='ltr'><strong>ep.</strong></span> <span class='ocrx_word' id='word_1_318' title='bbox 1219 3121 1276 3191; x_wconf 93' lang='grc' dir='ltr'>ΙΙΙ,</span> <span class='ocrx_word' id='word_1_319' title='bbox 1300 3120 1345 3181; x_wconf 86' lang='lat'><strong>19.</strong></span> <span class='ocrx_word' id='word_1_320' title='bbox 1365 3122 1414 3182; x_wconf 79' lang='lat'><strong>22.</strong></span> <span class='ocrx_word' id='word_1_321' title='bbox 1437 3119 1474 3180; x_wconf 83' lang='lat' dir='ltr'><strong>cl.</strong></span> 
     </span>
     <span class='ocr_line' id='line_1_33' title="bbox 200 3201 1475 3285; baseline 0.002 -21"><span class='ocrx_word' id='word_1_322' title='bbox 200 3205 243 3274; x_wconf 89' lang='lat' dir='ltr'><strong>ll,</strong></span> <span class='ocrx_word' id='word_1_323' title='bbox 258 3203 300 3282; x_wconf 83' lang='lat'><strong>7.)</strong></span> <span class='ocrx_word' id='word_1_324' title='bbox 316 3204 351 3263; x_wconf 92' lang='lat' dir='ltr'><strong>ad</strong></span> <span class='ocrx_word' id='word_1_325' title='bbox 369 3205 486 3266; x_wconf 79' lang='lat' dir='ltr'><strong>inferos</strong></span> <span class='ocrx_word' id='word_1_326' title='bbox 500 3201 670 3268; x_wconf 89' lang='lat' dir='ltr'><strong>&#39;descendit</strong></span> <span class='ocrx_word' id='word_1_327' title='bbox 688 3207 783 3285; x_wconf 84' lang='lat' dir='ltr'><strong>judex</strong></span> <span class='ocrx_word' id='word_1_328' title='bbox 800 3210 995 3285; x_wconf 88' lang='lat' dir='ltr'><strong>appariturus</strong></span> <span class='ocrx_word' id='word_1_329' title='bbox 1019 3209 1100 3267; x_wconf 90' lang='lat' dir='ltr'><strong>inter</strong></span> <span class='ocrx_word' id='word_1_330' title='bbox 1118 3207 1241 3282; x_wconf 89' lang='lat' dir='ltr'><strong>antiqui</strong></span> <span class='ocrx_word' id='word_1_331' title='bbox 1259 3206 1363 3266; x_wconf 88' lang='lat' dir='ltr'><strong>mundi</strong></span> <span class='ocrx_word' id='word_1_332' title='bbox 1381 3207 1475 3274; x_wconf 85' lang='lat' dir='ltr'><strong>cives,</strong></span> 
     </span>
     <span class='ocr_line' id='line_1_34' title="bbox 202 3291 1475 3370; baseline 0.001 -21"><span class='ocrx_word' id='word_1_333' title='bbox 202 3292 255 3368; x_wconf 89' lang='lat' dir='ltr'><strong>qui</strong></span> <span class='ocrx_word' id='word_1_334' title='bbox 270 3292 381 3350; x_wconf 90' lang='lat' dir='ltr'><strong>remoti</strong></span> <span class='ocrx_word' id='word_1_335' title='bbox 400 3291 438 3350; x_wconf 90' lang='lat' dir='ltr'><strong>ab</strong></span> <span class='ocrx_word' id='word_1_336' title='bbox 461 3291 510 3364; x_wconf 89' lang='lat' dir='ltr'><strong>bis</strong></span> <span class='ocrx_word' id='word_1_337' title='bbox 533 3303 613 3370; x_wconf 85' lang='lat' dir='ltr'><strong>quae</strong></span> <span class='ocrx_word' id='word_1_338' title='bbox 636 3295 748 3354; x_wconf 92' lang='lat' dir='ltr'><strong>mundo</strong></span> <span class='ocrx_word' id='word_1_339' title='bbox 771 3295 860 3354; x_wconf 86' lang='lat' dir='ltr'><strong>alteri</strong></span> <span class='ocrx_word' id='word_1_340' title='bbox 883 3296 1050 3354; x_wconf 87' lang='lat' dir='ltr'><strong>etiamtunc</strong></span> <span class='ocrx_word' id='word_1_341' title='bbox 1072 3291 1258 3369; x_wconf 81' lang='lat' dir='ltr'><strong>affulgebant</strong></span> <span class='ocrx_word' id='word_1_342' title='bbox 1275 3291 1384 3353; x_wconf 90' lang='lat' dir='ltr'><strong>salutis</strong></span> <span class='ocrx_word' id='word_1_343' title='bbox 1401 3297 1475 3351; x_wconf 88' lang='lat' dir='ltr'><strong>tern-</strong></span> 
     </span>
     <span class='ocr_line' id='line_1_35' title="bbox 199 3377 1476 3459; baseline 0.002 -23"><span class='ocrx_word' id='word_1_344' title='bbox 199 3393 274 3453; x_wconf 84' lang='lat' dir='ltr'><strong>pora</strong></span> <span class='ocrx_word' id='word_1_345' title='bbox 296 3378 328 3437; x_wconf 87' lang='lat' dir='ltr'><strong>in</strong></span> <span class='ocrx_word' id='word_1_346' title='bbox 352 3393 477 3437; x_wconf 89' lang='lat' dir='ltr'><strong>carcere</strong></span> <span class='ocrx_word' id='word_1_347' title='bbox 501 3378 623 3438; x_wconf 75' lang='lat' dir='ltr'><strong>haerent</strong></span> <span class='ocrx_word' id='word_1_348' title='bbox 644 3385 851 3458; x_wconf 90' lang='lat' dir='ltr'><strong>contemptum</strong></span> <span class='ocrx_word' id='word_1_349' title='bbox 874 3380 1073 3459; x_wconf 83' lang='lat' dir='ltr'><strong>benignitatis</strong></span> <span class='ocrx_word' id='word_1_350' title='bbox 1095 3378 1217 3439; x_wconf 90' lang='lat' dir='ltr'><strong>divinae</strong></span> <span class='ocrx_word' id='word_1_351' title='bbox 1239 3377 1476 3439; x_wconf 87' lang='lat' dir='ltr'><strong>clementissime</strong></span> 
     </span>
     <span class='ocr_line' id='line_1_36' title="bbox 199 3462 646 3539; baseline 0.004 -17"><span class='ocrx_word' id='word_1_352' title='bbox 199 3479 234 3523; x_wconf 84' lang='lat' dir='ltr'><strong>ae</strong></span> <span class='ocrx_word' id='word_1_353' title='bbox 254 3463 427 3522; x_wconf 88' lang='lat' dir='ltr'><strong>diutissime</strong></span> <span class='ocrx_word' id='word_1_354' title='bbox 450 3462 646 3539; x_wconf 86' lang='lat' dir='ltr'><strong>indulgentis.</strong></span> 
     </span>
     <span class='ocr_line' id='line_1_37' title="bbox 203 3548 1475 3629; baseline 0.001 -22"><span class='ocrx_word' id='word_1_355' title='bbox 203 3618 205 3622; x_wconf 21' lang='lat'><strong><em>¹</em></strong></span> <span class='ocrx_word' id='word_1_356' title='bbox 284 3548 328 3607; x_wconf 86' lang='lat' dir='ltr'><strong>Ex</strong></span> <span class='ocrx_word' id='word_1_357' title='bbox 350 3548 506 3626; x_wconf 84' lang='lat' dir='ltr'><strong>singulari</strong></span> <span class='ocrx_word' id='word_1_358' title='bbox 526 3550 607 3610; x_wconf 90' lang='lat' dir='ltr'><strong>illius</strong></span> <span class='ocrx_word' id='word_1_359' title='bbox 636 3555 738 3627; x_wconf 89' lang='lat' dir='ltr'><strong>gentis</strong></span> <span class='ocrx_word' id='word_1_360' title='bbox 762 3552 878 3628; x_wconf 88' lang='lat' dir='ltr'><strong>J&#39;udieio</strong></span> <span class='ocrx_word' id='word_1_361' title='bbox 909 3552 1112 3629; x_wconf 89' lang='lat' dir='ltr'><strong>suppliciique</strong></span> <span class='ocrx_word' id='word_1_362' title='bbox 1143 3553 1225 3611; x_wconf 88' lang='lat' dir='ltr'><strong>statu</strong></span> <span class='ocrx_word' id='word_1_363' title='bbox 1255 3549 1293 3609; x_wconf 88' lang='lat' dir='ltr'><strong>ad</strong></span> <span class='ocrx_word' id='word_1_364' title='bbox 1320 3549 1475 3626; x_wconf 84' lang='lat' dir='ltr'><strong>peculiare</strong></span> 
     </span>
     <span class='ocr_line' id='line_1_38' title="bbox 199 3633 1554 3712; baseline 0.001 -17"><span class='ocrx_word' id='word_1_365' title='bbox 199 3633 351 3712; x_wconf 89' lang='lat' dir='ltr'><strong>quoddam</strong></span> <span class='ocrx_word' id='word_1_366' title='bbox 370 3633 484 3711; x_wconf 88' lang='lat' dir='ltr'><strong>judicis</strong></span> <span class='ocrx_word' id='word_1_367' title='bbox 504 3653 573 3695; x_wconf 90' lang='lat' dir='ltr'><strong>cum</strong></span> <span class='ocrx_word' id='word_1_368' title='bbox 590 3637 649 3697; x_wconf 90' lang='lat' dir='ltr'><strong>illis</strong></span> <span class='ocrx_word' id='word_1_369' title='bbox 665 3641 879 3698; x_wconf 90' lang='lat' dir='ltr'><strong>commercium</strong></span> <span class='ocrx_word' id='word_1_370' title='bbox 901 3638 1128 3698; x_wconf 89' lang='lat' dir='ltr'><strong>conclusionem</strong></span> <span class='ocrx_word' id='word_1_371' title='bbox 1152 3637 1221 3697; x_wconf 86' lang='lat' dir='ltr'><strong>lieri</strong></span> <span class='ocrx_word' id='word_1_372' title='bbox 1238 3653 1348 3712; x_wconf 90' lang='lat' dir='ltr'><strong>posse,</strong></span> <span class='ocrx_word' id='word_1_373' title='bbox 1368 3637 1474 3696; x_wconf 91' lang='lat' dir='ltr'><strong>nescio</strong></span> <span class='ocrx_word' id='word_1_374' title='bbox 1552 3655 1554 3664; x_wconf 61' lang='lat'><strong><em>⁴</em></strong></span> 
     </span>
     <span class='ocr_line' id='line_1_39' title="bbox 200 3720 1474 3800; baseline 0.001 -19"><span class='ocrx_word' id='word_1_375' title='bbox 200 3738 260 3798; x_wconf 89' lang='lat' dir='ltr'><strong>quo</strong></span> <span class='ocrx_word' id='word_1_376' title='bbox 286 3720 355 3797; x_wconf 90' lang='lat' dir='ltr'><strong>quis</strong></span> <span class='ocrx_word' id='word_1_377' title='bbox 379 3721 451 3796; x_wconf 89' lang='lat' dir='ltr'><strong>jure</strong></span> <span class='ocrx_word' id='word_1_378' title='bbox 480 3724 648 3798; x_wconf 86' lang='lat' dir='ltr'><strong>negaverit.</strong></span> <span class='ocrx_word' id='word_1_379' title='bbox 689 3722 750 3784; x_wconf 85' lang='lat' dir='ltr'><strong>Sed</strong></span> <span class='ocrx_word' id='word_1_380' title='bbox 779 3727 843 3783; x_wconf 86' lang='lat' dir='ltr'><strong>tota</strong></span> <span class='ocrx_word' id='word_1_381' title='bbox 872 3740 925 3784; x_wconf 89' lang='lat' dir='ltr'><strong>res</strong></span> <span class='ocrx_word' id='word_1_382' title='bbox 952 3729 1001 3784; x_wconf 92' lang='lat' dir='ltr'><strong>est</strong></span> <span class='ocrx_word' id='word_1_383' title='bbox 1028 3723 1120 3782; x_wconf 90' lang='lat' dir='ltr'><strong>altius</strong></span> <span class='ocrx_word' id='word_1_384' title='bbox 1147 3721 1315 3800; x_wconf 88' lang='lat' dir='ltr'><strong>repetenda</strong></span> <span class='ocrx_word' id='word_1_385' title='bbox 1343 3726 1374 3780; x_wconf 91' lang='lat' dir='ltr'><strong>et</strong></span> <span class='ocrx_word' id='word_1_386' title='bbox 1403 3724 1474 3782; x_wconf 88' lang='lat' dir='ltr'><strong>ante</strong></span> 
     </span>
     <span class='ocr_line' id='line_1_40' title="bbox 200 3806 1549 3884; baseline 0 -16"><span class='ocrx_word' id='word_1_387' title='bbox 200 3809 300 3868; x_wconf 89' lang='lat' dir='ltr'><strong>omnia</strong></span> <span class='ocrx_word' id='word_1_388' title='bbox 318 3806 546 3882; x_wconf 88' lang='lat' dir='ltr'><strong>inquirendum,</strong></span> <span class='ocrx_word' id='word_1_389' title='bbox 570 3825 703 3884; x_wconf 88' lang='lat' dir='ltr'><strong>quonam</strong></span> <span class='ocrx_word' id='word_1_390' title='bbox 720 3811 886 3869; x_wconf 88' lang='lat' dir='ltr'><strong>commisso</strong></span> <span class='ocrx_word' id='word_1_391' title='bbox 904 3809 1022 3870; x_wconf 89' lang='lat' dir='ltr'><strong>scelere</strong></span> <span class='ocrx_word' id='word_1_392' title='bbox 1044 3806 1118 3868; x_wconf 86' lang='lat' dir='ltr'><strong>illud</strong></span> <span class='ocrx_word' id='word_1_393' title='bbox 1136 3808 1291 3868; x_wconf 90' lang='lat' dir='ltr'><strong>hominum</strong></span> <span class='ocrx_word' id='word_1_394' title='bbox 1310 3823 1408 3884; x_wconf 88' lang='lat' dir='ltr'><strong>genus</strong></span> <span class='ocrx_word' id='word_1_395' title='bbox 1426 3807 1474 3884; x_wconf 88' lang='lat' dir='ltr'><strong>ju·</strong></span> <span class='ocrx_word' id='word_1_396' title='bbox 1547 3814 1549 3822; x_wconf 83' lang='lat'>&#39;</span> 
     </span>
     <span class='ocr_line' id='line_1_41' title="bbox 202 3892 1475 3972; baseline 0 -18"><span class='ocrx_word' id='word_1_397' title='bbox 202 3892 313 3954; x_wconf 88' lang='lat' dir='ltr'><strong>dicium</strong></span> <span class='ocrx_word' id='word_1_398' title='bbox 336 3893 466 3952; x_wconf 83' lang='lat' dir='ltr'><strong>maxime</strong></span> <span class='ocrx_word' id='word_1_399' title='bbox 488 3894 644 3969; x_wconf 87' lang='lat' dir='ltr'><strong>singulare</strong></span> <span class='ocrx_word' id='word_1_400' title='bbox 667 3901 699 3955; x_wconf 94' lang='lat' dir='ltr'><strong>et</strong></span> <span class='ocrx_word' id='word_1_401' title='bbox 721 3897 935 3971; x_wconf 88' lang='lat' dir='ltr'><strong>gravissimum</strong></span> <span class='ocrx_word' id='word_1_402' title='bbox 957 3894 1202 3972; x_wconf 81' lang='lat' dir='ltr'><strong>provocaverint,</strong></span> <span class='ocrx_word' id='word_1_403' title='bbox 1240 3893 1314 3953; x_wconf 86' lang='lat' dir='ltr'><strong>Nam</strong></span> <span class='ocrx_word' id='word_1_404' title='bbox 1337 3898 1402 3953; x_wconf 91' lang='lat' dir='ltr'><strong>tum</strong></span> <span class='ocrx_word' id='word_1_405' title='bbox 1425 3893 1475 3954; x_wconf 90' lang='lat' dir='ltr'><strong>dc-</strong></span> 
     </span>
     <span class='ocr_line' id='line_1_42' title="bbox 202 3975 1475 4058; baseline 0.002 -20"><span class='ocrx_word' id='word_1_406' title='bbox 202 3995 283 4039; x_wconf 91' lang='lat' dir='ltr'><strong>mum</strong></span> <span class='ocrx_word' id='word_1_407' title='bbox 307 3995 399 4056; x_wconf 90' lang='lat' dir='ltr'><strong>quum</strong></span> <span class='ocrx_word' id='word_1_408' title='bbox 429 3975 466 4040; x_wconf 90' lang='lat' dir='ltr'><strong>de</strong></span> <span class='ocrx_word' id='word_1_409' title='bbox 495 3980 621 4039; x_wconf 87' lang='lat' dir='ltr'><strong>sceleris</strong></span> <span class='ocrx_word' id='word_1_410' title='bbox 651 3981 741 4052; x_wconf 90' lang='lat' dir='ltr'><strong>istius</strong></span> <span class='ocrx_word' id='word_1_411' title='bbox 772 3984 879 4041; x_wconf 89' lang='lat' dir='ltr'><strong>natura</strong></span> <span class='ocrx_word' id='word_1_412' title='bbox 908 3985 1054 4058; x_wconf 89' lang='lat' dir='ltr'><strong>quantum</strong></span> <span class='ocrx_word' id='word_1_413' title='bbox 1083 3997 1140 4058; x_wconf 93' lang='lat' dir='ltr'><strong>per</strong></span> <span class='ocrx_word' id='word_1_414' title='bbox 1169 3995 1276 4040; x_wconf 88' lang='lat' dir='ltr'><strong>sacrae</strong></span> <span class='ocrx_word' id='word_1_415' title='bbox 1304 3981 1475 4058; x_wconf 84' lang='lat' dir='ltr'><strong>scripturae</strong></span> 
     </span>
     <span class='ocr_line' id='line_1_43' title="bbox 201 4063 1475 4144; baseline 0.002 -20"><span class='ocrx_word' id='word_1_416' title='bbox 201 4065 376 4126; x_wconf 88' lang='lat' dir='ltr'><strong>testimonia</strong></span> <span class='ocrx_word' id='word_1_417' title='bbox 399 4063 470 4126; x_wconf 85' lang='lat' dir='ltr'><strong>licet</strong></span> <span class='ocrx_word' id='word_1_418' title='bbox 492 4064 682 4141; x_wconf 88' lang='lat' dir='ltr'><strong>exploratum</strong></span> <span class='ocrx_word' id='word_1_419' title='bbox 704 4067 794 4128; x_wconf 88' lang='lat' dir='ltr'><strong>nobis</strong></span> <span class='ocrx_word' id='word_1_420' title='bbox 824 4069 898 4140; x_wconf 91' lang='lat' dir='ltr'><strong>erit,</strong></span> <span class='ocrx_word' id='word_1_421' title='bbox 928 4069 1044 4127; x_wconf 88' lang='lat' dir='ltr'><strong>rectius</strong></span> <span class='ocrx_word' id='word_1_422' title='bbox 1074 4073 1104 4127; x_wconf 89' lang='lat' dir='ltr'><strong>et</strong></span> <span class='ocrx_word' id='word_1_423' title='bbox 1131 4064 1275 4144; x_wconf 92' lang='lat' dir='ltr'><strong>liquidius</strong></span> <span class='ocrx_word' id='word_1_424' title='bbox 1304 4069 1475 4142; x_wconf 87' lang='lat' dir='ltr'><strong>poterimus</strong></span> 
     </span>
     <span class='ocr_line' id='line_1_44' title="bbox 201 4135 1476 4230; baseline 0.002 -21"><span class='ocrx_word' id='word_1_425' title='bbox 201 4149 239 4211; x_wconf 92' lang='lat' dir='ltr'><strong>de</strong></span> <span class='ocrx_word' id='word_1_426' title='bbox 262 4150 378 4211; x_wconf 91' lang='lat' dir='ltr'><strong>Christi</strong></span> <span class='ocrx_word' id='word_1_427' title='bbox 353 4156 467 4211; x_wconf 92' lang='lat' dir='ltr'><strong>tcum</strong></span> <span class='ocrx_word' id='word_1_428' title='bbox 491 4168 606 4227; x_wconf 88' lang='lat' dir='ltr'><strong>genere</strong></span> <span class='ocrx_word' id='word_1_429' title='bbox 629 4151 710 4212; x_wconf 90' lang='lat' dir='ltr'><strong>illo</strong></span> <span class='ocrx_word' id='word_1_430' title='bbox 702 4172 734 4214; x_wconf 89' lang='grc' dir='ltr'><strong>ΙΙΙ</strong></span> <span class='ocrx_word' id='word_1_431' title='bbox 757 4171 881 4215; x_wconf 88' lang='lat' dir='ltr'><strong>carcere</strong></span> <span class='ocrx_word' id='word_1_432' title='bbox 909 4155 1093 4215; x_wconf 90' lang='lat' dir='ltr'><strong>commercio</strong></span> <span class='ocrx_word' id='word_1_433' title='bbox 1099 4135 1267 4230; x_wconf 87' lang='lat' dir='ltr'><strong>judicare</strong></span> <span class='ocrx_word' id='word_1_434' title='bbox 1300 4153 1344 4216; x_wconf 84' lang='lat' dir='ltr'><strong>ne</strong></span> <span class='ocrx_word' id='word_1_435' title='bbox 1373 4151 1476 4228; x_wconf 89' lang='lat' dir='ltr'><strong>singu·</strong></span> 
     </span>
     <span class='ocr_line' id='line_1_45' title="bbox 200 4233 1476 4316; baseline 0.002 -20"><span class='ocrx_word' id='word_1_436' title='bbox 200 4235 256 4297; x_wconf 88' lang='lat' dir='ltr'><strong>lari</strong></span> <span class='ocrx_word' id='word_1_437' title='bbox 281 4243 381 4298; x_wconf 86' lang='lat' dir='ltr'><strong>autem</strong></span> <span class='ocrx_word' id='word_1_438' title='bbox 405 4236 522 4297; x_wconf 90' lang='lat' dir='ltr'><strong>scelere</strong></span> <span class='ocrx_word' id='word_1_439' title='bbox 546 4242 579 4296; x_wconf 94' lang='lat' dir='ltr'><strong>ut</strong></span> <span class='ocrx_word' id='word_1_440' title='bbox 601 4241 770 4314; x_wconf 87' lang='lat' dir='ltr'><strong>cogitemus</strong></span> <span class='ocrx_word' id='word_1_441' title='bbox 793 4257 855 4300; x_wconf 91' lang='lat' dir='ltr'><strong>non</strong></span> <span class='ocrx_word' id='word_1_442' title='bbox 876 4241 907 4302; x_wconf 94' lang='lat' dir='ltr'><strong>id</strong></span> <span class='ocrx_word' id='word_1_443' title='bbox 935 4240 1033 4300; x_wconf 87' lang='lat' dir='ltr'><strong>solum</strong></span> <span class='ocrx_word' id='word_1_444' title='bbox 1062 4240 1134 4302; x_wconf 85' lang='lat' dir='ltr'><strong>iacit</strong></span> <span class='ocrx_word' id='word_1_445' title='bbox 1163 4233 1245 4316; x_wconf 92' lang='lat' dir='ltr'><strong>quod</strong></span> <span class='ocrx_word' id='word_1_446' title='bbox 1274 4238 1378 4300; x_wconf 88' lang='lat' dir='ltr'><strong>Christ</strong></span> <span class='ocrx_word' id='word_1_447' title='bbox 1365 4244 1429 4300; x_wconf 88' lang='lat' dir='ltr'><strong>tum</strong></span> <span class='ocrx_word' id='word_1_448' title='bbox 1459 4255 1476 4298; x_wconf 93' lang='lat' dir='ltr'><strong>e</strong></span> 
     </span>
     <span class='ocr_line' id='line_1_46' title="bbox 200 4321 1474 4421; baseline 0 -37"><span class='ocrx_word' id='word_1_449' title='bbox 200 4324 330 4384; x_wconf 89' lang='lat' dir='ltr'><strong>mortuis</strong></span> <span class='ocrx_word' id='word_1_450' title='bbox 357 4321 526 4386; x_wconf 83' lang='lat' dir='ltr'><strong>redivivum</strong></span> <span class='ocrx_word' id='word_1_451' title='bbox 555 4340 622 4384; x_wconf 91' lang='lat' dir='ltr'><strong>cum</strong></span> <span class='ocrx_word' id='word_1_452' title='bbox 651 4325 699 4386; x_wconf 88' lang='lat' dir='ltr'><strong>bis</strong></span> <span class='ocrx_word' id='word_1_453' title='bbox 727 4326 926 4403; x_wconf 89' lang='lat' dir='ltr'><strong>peculiariter</strong></span> <span class='ocrx_word' id='word_1_454' title='bbox 955 4328 1058 4403; x_wconf 89' lang='lat' dir='ltr'><strong>egisse</strong></span> <span class='ocrx_word' id='word_1_455' title='bbox 1086 4325 1165 4403; x_wconf 89' lang='lat' dir='ltr'><strong>apud</strong></span> <span class='ocrx_word' id='word_1_456' title='bbox 1189 4324 1321 4386; x_wconf 87' lang='lat' dir='ltr'><strong>Petrum</strong></span> <span class='ocrx_word' id='word_1_457' title='bbox 1335 4324 1474 4421; x_wconf 83' lang='lat' dir='ltr'><strong>legimus,</strong></span> 
     </span>
     <span class='ocr_line' id='line_1_47' title="bbox 195 4399 1474 4512; baseline 0.003 -44.019"><span class='ocrx_word' id='word_1_458' title='bbox 195 4399 256 4468; x_wconf 92' lang='lat' dir='ltr'><strong>sed</strong></span> <span class='ocrx_word' id='word_1_459' title='bbox 280 4407 392 4486; x_wconf 90' lang='lat' dir='ltr'><strong>quod</strong></span> <span class='ocrx_word' id='word_1_460' title='bbox 384 4425 484 4485; x_wconf 77' lang='lat' dir='ltr'><strong>ipsum</strong></span> <span class='ocrx_word' id='word_1_461' title='bbox 509 4407 613 4470; x_wconf 83' lang='lat' dir='ltr'><strong>dduvii</strong></span> <span class='ocrx_word' id='word_1_462' title='bbox 631 4411 777 4487; x_wconf 88' lang='lat' dir='ltr'><strong>judicium</strong></span> <span class='ocrx_word' id='word_1_463' title='bbox 800 4414 890 4489; x_wconf 91' lang='lat' dir='ltr'><strong>quale</strong></span> <span class='ocrx_word' id='word_1_464' title='bbox 913 4418 1122 4512; x_wconf 86' lang='lat' dir='ltr'><strong>quantumque</strong></span> <span class='ocrx_word' id='word_1_465' title='bbox 1137 4413 1231 4471; x_wconf 82' lang='lat' dir='ltr'><strong>fuerit</strong></span> <span class='ocrx_word' id='word_1_466' title='bbox 1250 4414 1321 4470; x_wconf 88' lang='lat' dir='ltr'><strong>ante</strong></span> <span class='ocrx_word' id='word_1_467' title='bbox 1340 4410 1474 4472; x_wconf 81' lang='lat' dir='ltr'><strong>omniurn</strong></span> 
     </span>
     <span class='ocr_line' id='line_1_48' title="bbox 200 4493 1476 4576; baseline 0.002 -24"><span class='ocrx_word' id='word_1_468' title='bbox 200 4509 299 4572; x_wconf 87' lang='lat' dir='ltr'><strong>paene</strong></span> <span class='ocrx_word' id='word_1_469' title='bbox 322 4495 429 4557; x_wconf 91' lang='lat' dir='ltr'><strong>oculos</strong></span> <span class='ocrx_word' id='word_1_470' title='bbox 446 4500 629 4573; x_wconf 87' lang='lat' dir='ltr'><strong>mentesque</strong></span> <span class='ocrx_word' id='word_1_471' title='bbox 644 4500 780 4576; x_wconf 88' lang='lat' dir='ltr'><strong>positum</strong></span> <span class='ocrx_word' id='word_1_472' title='bbox 797 4506 853 4560; x_wconf 88' lang='lat' dir='ltr'><strong>esi.</strong></span> <span class='ocrx_word' id='word_1_473' title='bbox 888 4500 1007 4560; x_wconf 87' lang='lat' dir='ltr'><strong>Etenim</strong></span> <span class='ocrx_word' id='word_1_474' title='bbox 1025 4499 1135 4558; x_wconf 87' lang='lat' dir='ltr'><strong>miruni</strong></span> <span class='ocrx_word' id='word_1_475' title='bbox 1152 4497 1248 4559; x_wconf 89' lang='lat' dir='ltr'><strong>videri</strong></span> <span class='ocrx_word' id='word_1_476' title='bbox 1260 4498 1376 4576; x_wconf 85' lang='lat' dir='ltr'><strong>possit,</strong></span> <span class='ocrx_word' id='word_1_477' title='bbox 1392 4493 1476 4574; x_wconf 91' lang='lat' dir='ltr'><strong>quod</strong></span> 
     </span>
    </p>
   </div>
   <div class='ocr_carea' id='block_1_3' title="bbox 268 4693 1472 4836">
    <p class='ocr_par' dir='ltr' id='par_1_3' title="bbox 268 4693 1472 4836">
     <span class='ocr_line' id='line_1_49' title="bbox 268 4693 1472 4836; baseline 0.006 -89.112"><span class='ocrx_word' id='word_1_478' title='bbox 268 4700 292 4750; x_wconf 87' lang='lat' dir='ltr'><strong>t.</strong></span> <span class='ocrx_word' id='word_1_479' title='bbox 313 4723 363 4760; x_wconf 55' lang='lat' dir='ltr'><strong>„a</strong></span> <span class='ocrx_word' id='word_1_480' title='bbox 359 4704 491 4836; x_wconf 41' lang='lat' dir='ltr'><strong>“mzp</strong></span> <span class='ocrx_word' id='word_1_481' title='bbox 492 4698 532 4756; x_wconf 80' lang='grc' dir='ltr'><strong>εἰς</strong></span> <span class='ocrx_word' id='word_1_482' title='bbox 549 4697 590 4756; x_wconf 81' lang='grc' dir='ltr'><strong>εἰς</strong></span> <span class='ocrx_word' id='word_1_483' title='bbox 607 4695 741 4772; x_wconf 75' lang='grc' dir='ltr'><strong>οὐρανόν,</strong></span> <span class='ocrx_word' id='word_1_484' title='bbox 760 4695 958 4771; x_wconf 79' lang='grc' dir='ltr'><em>υποταγὲντων</em></span> <span class='ocrx_word' id='word_1_485' title='bbox 974 4697 1047 4774; x_wconf 72' lang='grc' dir='ltr'><strong>αὐτῷ</strong></span> <span class='ocrx_word' id='word_1_486' title='bbox 1066 4697 1193 4771; x_wconf 71' lang='grc' dir='ltr'><strong>ἀγγέλων</strong></span> <span class='ocrx_word' id='word_1_487' title='bbox 1209 4700 1256 4753; x_wconf 73' lang='grc' dir='ltr'><strong>ΙΙΙ</strong></span> <span class='ocrx_word' id='word_1_488' title='bbox 1277 4693 1410 4756; x_wconf 68' lang='lat' dir='ltr'><strong>cromano</strong></span> <span class='ocrx_word' id='word_1_489' title='bbox 1423 4701 1472 4754; x_wconf 72' lang='lat' dir='ltr'><strong>aei</strong></span> 
     </span>
    </p>
   </div>
   <div class='ocr_carea' id='block_1_4' title="bbox 204 4731 598 4839">
    <p class='ocr_par' dir='ltr' id='par_1_4' title="bbox 204 4731 598 4839">
     <span class='ocr_line' id='line_1_50' title="bbox 204 4731 598 4839; baseline 0.016 -22"><span class='ocrx_word' id='word_1_490' title='bbox 204 4731 375 4839; x_wconf 53' lang='lat' dir='ltr'><strong>durdpsmrfl</strong></span> <span class='ocrx_word' id='word_1_491' title='bbox 395 4770 407 4820; x_wconf 90' lang='lat' dir='ltr'><strong>l</strong></span> <span class='ocrx_word' id='word_1_492' title='bbox 489 4767 535 4831; x_wconf 91' lang='lat' dir='ltr'><strong>lll,</strong></span> <span class='ocrx_word' id='word_1_493' title='bbox 554 4771 598 4823; x_wconf 80' lang='lat'><strong>22.</strong></span> 
     </span>
    </p>
   </div>
   <div class='ocr_carea' id='block_1_5' title="bbox 0 0 1762 5360">
    <p class='ocr_par' dir='ltr' id='par_1_5' title="bbox 0 0 1762 5360">
     <span class='ocr_line' id='line_1_51' title="bbox 0 0 1762 5360; baseline 0 1"><span class='ocrx_word' id='word_1_494' title='bbox 0 0 1762 5360; x_wconf 95' lang='lat' dir='ltr'><strong> </strong></span> 
     </span>
    </p>
   </div>
  </div>
 </body>
</html>
