3516 5360
680 325 786 393 IPnru.
803 335 849 405 lV,
870 335 883 390 l
905 349 968 407 sqq.
1019 383 1024 392 ,
1421 319 1480 389 dl

188 500 277 580 copul
301 499 451 563 πέπαυται
475 495 637 582 ἁμαρτίας.
673 502 806 563 Moritur
828 503 917 580 quasi
939 503 970 562 in
992 503 1129 562 cmuciatu
1158 497 1362 562 calamitatum
1388 500 1463 559 ista·

188 605 255 648 rum
278 596 310 648 et
332 590 529 649 vexationum
550 589 641 649 homo
664 590 721 661 ita,
751 594 785 648 ut
807 586 927 649 desinat
950 588 1053 649 vivere
1081 601 1172 664 wem
1195 590 1226 648 iu
1249 586 1371 648 modum
1392 589 1463 644 ante

186 675 305 736 ureris
337 667 373 732 ‘0
394 669 533 753 Χριστὸς
556 669 669 734 παθῶν
693 673 786 754 σαρκί
812 674 891 734 idem
920 674 1043 751 estqui
1068 689 1160 750 supra
1179 670 1463 733 diciturtluuctut-

186 759 255 830 θεὶς
277 759 377 839 σαρκί.
401 759 446 818 ‘ln
469 761 594 821 notione
617 764 717 820 auum
742 754 856 839 σαρκός
878 760 1084 820 conclusionis
1099 757 1192 818 cardo
1212 761 1350 820 vertitur.
1384 757 1462 816 Caro

187 861 266 923 quae
288 849 440 926 patitur
464 844 568 906 eadem
594 850 643 905 est
664 848 696 905 in
708 845 829 906 Christo
855 862 933 923 quae
957 847 987 905 in
1003 844 1193 905 Christianis.
1230 845 1461 905 Christusuero

188 934 254 992 sine
277 931 337 991 ulla
359 948 414 991 sua
439 931 527 1008 culpa
553 936 721 1010 perpessus
748 936 797 992 est
819 948 897 1008 quae
921 931 971 990 alii
994 933 1225 1002 commiserunt,
1249 927 1365 1000 dicator
1385 923 1462 1006 ὑπὲρ

185 1013 300 1078 ἀδίκων
315 1015 380 1096 περὶ
398 1009 558 1095 ἁμαρτιῶν
576 1016 694 1078 scilicet
709 1017 846 1077 aliorum.
876 1017 978 1077 Carne
994 1016 1115 1077 Christo
1135 1015 1250 1076 tributa
1270 1014 1344 1075 nihil
1358 1016 1388 1074 ei
1409 1015 1462 1073 tri·

186 1104 291 1163 buitur
307 1102 524 1166 immunditiae.
564 1103 660 1163 Aliam
687 1121 766 1164 esse.
781 1105 867 1163 vocis
886 1105 945 1162 vim
966 1105 1162 1169 strationem
1179 1104 1210 1161 in
1227 1101 1354 1178 reliquis
1369 1101 1462 1175 signi-

188 1189 298 1249 ficatur
305 1189 319 1265 j
329 1187 454 1248 ndioii
473 1191 597 1250 notione
611 1188 775 1250 substituta
788 1190 957 1265 passionis3
971 1190 1013 1248 ita
1025 1205 1052 1249 v.
1066 1190 1099 1250 6:
1109 1186 1162 1248 ‘ivo
1174 1189 1306 1263 κριθῶσι
1319 1219 1360 1230 -
1373 1183 1466 1264 σαρκί

141 1275 271 1350 ¹clv.
292 1277 346 1336 17:
370 1267 385 1333 ὃ
406 1270 513 1352 καιρὸς
534 1269 692 1354 ἄρξασθαι
715 1271 920 1352 πὸχκρίμα-
943 1269 1002 1353 ἀφ’
1026 1267 1146 1354 ἡμῶν.1
1188 1271 1238 1334 Sic
1257 1274 1462 1350 primoetiam
1565 1307 1569 1311 -
1673 1256 1677 1264 ’

189 1376 281 1423 versu
294 1363 394 1420 carnis
411 1352 566 1421 notionem
585 1361 674 1421 simul
690 1363 808 1438 peceati
820 1359 918 1442 labem
930 1360 1092 1436 complecti
1110 1359 1199 1420 docet
1216 1358 1246 1419 id
1264 1361 1364 1437 ipsum
1380 1355 1462 1434 quod

188 1445 331 1523 sequllur
349 1444 500 1506 πέπαυται
518 1440 672 1525 ἁμαρτίας
688 1445 730 1516 εἰς
747 1444 781 1506 τὸ
793 1443 899 1523 μηκέτι
910 1441 1089 1525 ἀνθρώπων
1102 1443 1462 1520 ἐπιθυμίαις-βιῶσαι,
1523 1499 1526 1506 ,

275 1532 337 1590 llac
353 1549 428 1592 vero
445 1549 482 1591 ex
498 1536 586 1609 parte
607 1548 700 1609 quum
715 1525 889 1595 differentia
906 1531 1085 1610 praeualere
1101 1530 1240 1592 videatur
1257 1528 1462 1601 similitudine,

186 1618 307 1697 juvabit
330 1619 432 1678 statim
459 1616 624 1694 adjungere
648 1618 777 1678 alterum
801 1619 1039 1695 comparationis
1063 1616 1241 1679 membrum.
1285 1616 1356 1678 Vita
1381 1616 1462 1674 enim

189 1719 266 1765 nova
291 1703 327 1763 ad
351 1719 441 1780 qnam
460 1721 476 1763 e
495 1709 594 1764 morte
618 1705 784 1764 emersisse
799 1703 910 1763 dicitur
926 1702 1068 1763 Christus
1091 1702 1261 1780 appellatur
1278 1700 1461 1779 spiritualis:

188 1789 390 1866 ζωοποιηθεὶς
409 1784 570 1866 πνεύματι.
617 1788 698 1849 idem
719 1783 793 1850 v'ero
821 1804 952 1866 prorsus
980 1789 1171 1865 significatur
1196 1788 1290 1856 linis,
1316 1801 1407 1864 quem
1428 1791 1462 1846 ut

187 1881 416 1951 consequantur
444 1891 499 1951 per
529 1873 719 1952 evangelium
748 1875 888 1935 homines
918 1875 1010 1935 etiam
1043 1875 1227 1943 invitantur,
1259 1867 1461 1950 εὐηγγελίσθη

184 1959 237 2020 ἵνα
260 1976 302 2005 -·-
324 1957 396 2033 ζῶσι
415 1955 493 2018 κατὰ
514 1956 589 2020 θεὸν
611 1954 775 2036 πνεύματι,
798 1962 887 2037 cujus
910 1958 1009 2020 simile
1026 1963 1178 2035 quatenus
1201 1960 1232 2018 in
1250 1957 1307 2018 hac
1324 1960 1384 2018 vita
1396 1958 1462 2034 jam

185 2047 384 2122 conspicuum
408 2049 462 2116 sit,
486 2062 579 2124 supra
601 2045 650 2106 his
672 2046 776 2106 verbis
804 2045 990 2106 describitur
1016 2064 1055 2089 -·
1079 2039 1470 2122 accipenserem·

186 2129 340 2193 ἐπίλοιποι
363 2129 394 2189 ἓν
418 2130 506 2210 σαρκὶ
524 2133 665 2207 βιῶσαι
685 2127 889 2212 χρόνοιβ-
910 2131 992 2191 llaec
1014 2133 1108 2208 igitur
1130 2133 1211 2190 inter
1233 2147 1267 2189 se
1289 2130 1461 2206 comparari

185 2218 341 2278 videntur:
367 2217 520 2277 Christum
551 2221 703 2278 mortuum
726 2224 799 2295 post
822 2218 934 2278 multos
950 2219 1107 2294 passionis
1124 2219 1277 2278 cruciatus
1296 2215 1331 2274 ad
1352 2231 1461 2274 nouam

184 2307 277 2366 vitam
306 2305 490 2372 emersisse,
515 2302 707 2364 Christianos
739 2303 844 2364 eadem
874 2305 921 2364 via
953 2302 989 2363 ad
1019 2301 1151 2362 eundem
1179 2303 1272 2361 linem
1304 2300 1461 2378 adspirare

184 2390 315 2464 dehere;
340 2389 398 2448 tuoe
422 2388 498 2449 velle
522 2389 714 2466 evangelium
738 2389 819 2468 quod
838 2389 875 2450 tle
889 2389 1013 2449 Ghristo
1032 2385 1244 2464 praedicetur3
1272 2388 1303 2445 iu
1322 2388 1371 2446 via
1395 2388 1461 2462 ipsa

184 2476 371 2536 constitutos
393 2476 456 2551 jam
481 2490 551 2535 esse
575 2474 722 2547 lectores,
745 2493 812 2536 cum
842 2474 879 2534 ad
903 2473 1017 2534 Christi
1041 2470 1461 2534 similitudinem·iniidellum

183 2565 363 2640 premantur
385 2559 634 2625 vexationibus.³
666 2560 754 2634 Quod
778 2563 830 2638 qui
846 2561 1009 2637 patiantur
1031 2558 1139 2620 eodem
1159 2575 1220 2636 quo
1241 2558 1380 2639 Christus
1399 2558 1462 2616 ani·

185 2641 330 2724 moisio
352 2641 449 2722 αὐτὴν
473 2641 602 2716 ἔννοιαι)
624 2646 740 2707 similes
764 2663 834 2708 esse
857 2645 938 2706 illins
961 2646 1014 2722 qui
1036 2652 1146 2722 sponte
1165 2645 1255 2706 vitam
1274 2642 1460 2720 deposuerit.

186 2733 278 2810 Atqui
293 2747 384 2809 quam
408 2733 467 2808 ipsi
489 2730 657 2809 deponant,
677 2731 769 2792 vitam
791 2739 940 2794 esse'non
956 2729 1079 2808 quidem
1102 2731 1265 2790 humanum
1288 2729 1343 2790 sed
1366 2729 1461 2788 homi·

184 2837 257 2880 num
279 2816 454 2878 libidinibus
478 2819 673 2893 inquinatam.
712 2818 770 2892 Qui
793 2835 867 2878 vero
890 2821 935 2877 sic
955 2816 1051 2878 rebus
1073 2817 1214 2877 humanis
1230 2816 1459 2886 renuntiaverit,

183 2922 253 2966 eum
276 2920 345 2963 cum
363 2905 425 2963 rita
449 2904 638 2980 inpeccatis
660 2909 728 2964 acta
751 2903 883 2966 divinam
897 2904 947 2969 rel
963 2903 1152 2978 spiritualem
1173 2907 1377 2973 commutare,
1402 2902 1459 2962 hoc

184 2993 216 3052 ln
239 2987 351 3049 mundo
368 2987 545 3060 ineundam,
570 2989 706 3067 perfecte
729 2989 964 3051 nanciscendam
988 3003 1079 3049 carue
1102 2991 1225 3064 penitus
1249 2993 1346 3049 exuta.
1391 2985 1393 2992 ⁴

279 3076 348 3135 Jam
381 3072 463 3135 istud
497 3075 666 3152 perlectum
695 3075 856 3148 πέπαυται·
873 3075 991 3136 lucillus
1025 3077 1118 3134 etium
1145 3073 1324 3151 explicatur.
1379 3075 1458 3134 itote

184 3161 286 3222 omnia
309 3159 504 3221 statuendum
537 3167 586 3221 est
608 3162 762 3222 formam
793 3161 914 3222 (licendi
942 3161 1071 3238 petitam
1099 3175 1171 3220 esse
1194 3177 1211 3219 a
1233 3158 1351 3220 Christi
1374 3161 1459 3219 simi·

182 3246 325 3316 nundine,
347 3248 399 3323 qui
418 3251 546 3306 mortem
569 3248 665 3308 semel
683 3264 855 3325 perpessus
873 3247 909 3307 ad
930 3261 1040 3306 noram
1061 3245 1153 3306 vitam
1171 3247 1300 3306 emersit
1319 3251 1379 3322 que
1394 3246 1458 3322 jam

183 3337 296 3394 utatur.
326 3332 389 3393 Hoc
408 3337 509 3392 autem
526 3349 587 3410 quo
605 3334 677 3409 J'ure
693 3333 730 3393 ad
746 3350 801 3395 eos
822 3333 1000 3412 applicetur,
1017 3333 1071 3408 qui
1090 3330 1147 3391 lrac
1169 3333 1201 3390 in
1220 3333 1279 3391 vita
1300 3335 1387 3392 certe
1402 3346 1459 3407 per

183 3420 363 3482 vexationes
376 3417 413 3478 ad
424 3418 480 3478 Dei
492 3417 680 3480 uoluntatem
694 3419 853 3498 patiendas
868 3418 1001 3480 nonnisi
1017 3419 1158 3478 sensim
1173 3417 1336 3512 proficiant
1347 3419 1379 3476 in
1394 3417 1457 3476 vita

184 3507 221 3566 alu
245 3505 326 3564 omni
347 3510 543 3580 peccatorum
566 3507 795 3582 inquinamento
818 3504 992 3583 purganda,
1017 3502 1087 3565 inde
1111 3500 1231 3562 demum
1259 3503 1457 3579 cognoscitur

183 3589 265 3668 quod
289 3588 430 3666 baptismi
450 3592 565 3650 mentio
579 3593 761 3667 interposita
778 3598 825 3651 est
847 3595 927 3651 inter
946 3589 1004 3649 hoc
1022 3587 1103 3665 quod
1122 3588 1160 3649 dc
1177 3588 1359 3650 Christianis
1377 3605 1457 3647 nunc

182 3674 376 3756 praedicatur
396 3678 426 3733 et
441 3673 514 3733 illud
533 3675 613 3752 quod
633 3692 726 3752 supra
742 3675 780 3734 de
799 3676 921 3737 Christo
935 3675 1048 3735 dictum
1068 3678 1126 3733 est.
1153 3673 1313 3750 Baptismo
1331 3677 1456 3749 accepto

182 3779 280 3824 novae
298 3759 377 3819 illius
392 3765 423 3817 et
438 3758 476 3817 al)
494 3762 576 3820 omui
589 3763 706 3838 peccati
722 3765 810 3820 reatu
825 3765 972 3839 purgatae
984 3758 1066 3818 vitae
1085 3761 1251 3835 participes
1268 3759 1340 3818 facti
1357 3759 1458 3818 sunt*

183 3849 282 3925 Quum
305 3861 380 3906 vero
402 3849 531 3921 propter
552 3845 631 3906 hanc
652 3850 788 3905 sanctam
810 3848 903 3907 vitam
917 3844 1151 3922 persecutiones
1167 3845 1332 3918 patiuntur,
1356 3842 1456 3904 denuo

182 3934 273 4011 quasi
295 3939 327 3994 et
342 3930 431 3989 ultius
454 3930 485 3988 in
508 3946 586 4006 aqua
605 3930 654 3990 illa
672 3930 798 3991 salutari
819 3933 1018 4008 intinguntur.
1050 3929 1156 4004 ltaque
1179 3928 1307 3988 similem
1326 3945 1456 4005 prorsus
1531 3973 1534 3976 -

182 4019 330 4080 habemns
353 4014 536 4076 sententiam
559 4015 602 4075 illi
624 4016 767 4076 Paulinae
790 4009 805 4075 ὃ
828 4012 887 4094 γὰρ
910 4009 1084 4074 ἀποθανὼν
1104 4011 1296 4084 δεδικαίωται
1318 4010 1379 4074 ἀπὸ
1403 4018 1457 4093 τῆς

182 4127 386 4142 u—-o—-n———t

252 4173 276 4224 l.
295 4167 378 4220 Etiam
393 4168 442 4219 hoc
460 4164 492 4217 de
507 4164 609 4231 judicio
624 4166 674 4219 dici
694 4166 764 4234 quod
783 4179 882 4220 earne
901 4168 1034 4229 sentiatur,
1053 4170 1161 4232 apparet
1178 4179 1285 4217 eversu
1301 4168 1332 4220 19
1348 4167 1393 4220 nbi
1409 4169 1454 4234 qui

184 4239 237 4291 tole
255 4237 317 4304 quid
336 4237 503 4304 experiantur
521 4235 685 4304 appellantur
702 4233 736 4287 οἱ
754 4230 965 4305 πάσχοντος.

254 4309 278 4360 2.
298 4305 363 4358 llinc
387 4307 464 4356 etiam
482 4321 507 4358 v.
525 4308 535 4356 1
558 4305 654 4372 legitur
678 4299 709 4356 ἒν
727 4304 810 4375 σαρκὶ
828 4299 943 4367 παθών,
966 4304 1016 4357 elia
1035 4301 1140 4370 quidem
1162 4301 1289 4354 relatione
1312 4308 1390 4372 atque
1410 4303 1454 4354 urbi

185 4375 269 4496 παρπὲ
285 4375 411 4496 εῆιίροοπι
430 4377 482 4431 est,
496 4374 629 4494 &nte-⁰²³³
648 4389 710 4426 vero
730 4391 781 4426 non
800 4375 941 4494 immlssmg'
966 4371 1102 4455 Gllen.
1119 4369 1233 4492 Grum'ru¹⁸¹
1249 4387 1274 4440 p.
1283 4374 1341 4492 ¹366,
1358 4370 1454 4492 scibili.

183 4483 276 4581 παπ·
292 4450 487 4564 attilii
513 4446 1217 4581 ,iiiiiiirii‘iiuittttttttm‘ii‘1,
1235 4455 1455 4574 illitati:

182 4581 403 4648 comparutionem
421 4579 658 4641 euenturum.
676 4581 853 4641 Phil.lll,10.
1353 4595 1361 4600 ·

181 4653 273 4772 mors:
290 4648 465 4773 diffingere:
488 4647 579 4702 Sumto
603 4655 756 4716 argumento
774 4664 827 4701 non
845 4648 928 4700 solutu
947 4648 979 4700 ab
998 4647 1132 4713 exemplo,
1156 4646 1202 4700 sed
1226 4646 1303 4750 etiam
1323 4659 1337 4696 a
1357 4646 1452 4699 virtute
