3516 5360
295 368 335 432 au
722 381 725 394 ·
812 371 915 430 ιειιι.
932 344 982 440 iu,
1004 373 1049 430 ro.

184 543 189 553 ‘
295 542 414 611 amieis,
427 539 624 601 infestavere
636 537 795 612 hostibus,
808 539 926 601 civibus
939 539 1186 602 inobedientibus
1198 540 1345 602 terribilis
1360 545 1459 604 sonat.
1480 541 1571 601 'lem-

294 645 353 708 pus
376 631 494 688 eertum
519 625 612 686 babet
635 624 822 702 praedicatio
845 628 933 704 regni
956 624 1161 688 constituendi
1185 619 1215 688 et
1238 629 1411 703 constituti,
1441 625 1572 704 augendi

296 715 405 775 civium
429 728 572 783 numero,
594 711 810 789 triumphantis
834 709 967 790 denique
991 711 1028 774 de
1048 714 1182 792 bostium
1199 712 1320 774 invidia.
1355 715 1424 774 Jam
1439 713 1571 774 reditum

297 800 411 862 Christi
427 795 464 858 de
481 797 566 859 coelo
583 813 653 858 esse
671 803 840 858 extremum
864 800 1051 860 victoriae
1072 798 1276 860 absolvendae
1294 802 1323 858 in
1340 799 1452 860 mundo
1469 801 1571 860 termi-
1618 791 1623 804 '

296 904 381 958 num,
405 886 731 944 resurrectionem
750 889 851 945 autem
871 888 903 944 et
925 883 962 944 ad
985 885 1114 947 ooelos
1132 886 1398 946 ascensionem
1421 886 1572 946 initium

254 997 260 1019 ι
296 969 593 1054 promulgandae
617 968 940 1047 complendaeque
956 989 1017 1032 uno
1035 989 1089 1032 ore
1106 971 1217 1033 docent
1232 972 1437 1050 evangelistae
1454 977 1486 1032 et
1502 988 1572 1050 apo-

296 1058 377 1121 stoli.
421 1057 529 1117 Exstat
554 1055 641 1117 locus
669 1073 707 1115 ex
735 1073 796 1133 quo
819 1056 1061 1118 luculentissime
1084 1063 1227 1136 apparet,
1258 1057 1410 1134 quomodo
1434 1062 1573 1136 tempore

298 1147 413 1207 mutato
435 1144 592 1204 immutata
616 1143 657 1202 sit
671 1141 907 1218 praedicationis
924 1142 1004 1205 illius
1021 1145 1108 1204 ratio
1143 1144 1226 1204 Petri
1243 1143 1335 1204 rerba
1353 1145 1472 1204 suntin
1489 1147 1573 1204 Actis

298 1248 364 1311 app.
382 1229 535 1301 relataX‚
553 1230 593 1290 to
610 1245 655 1305 sq
690 1227 815 1288 durabit
838 1245 872 1288 ea
898 1232 1070 1290 summatim
1093 1247 1268 1291 recensere.
1302 1223 1435 1301 ‘Oboda
1455 1225 1575 1308 Ἰησονν

297 1314 513 1506 ifss‘ifssa
481 1309 927 1502 :lsltlltti'lll‘ltl
941 1312 1093 1504 {lilii
1113 1311 1574 1508 ,didtttl'ttllt

296 1481 571 1569 μαρτορασθαε,“
555 1507 611 1546 οτι
635 1480 750 1557 αοτός
773 1479 913 1546 ἐστινζ
900 1507 916 1546 ο
941 1480 1187 1565 duraremus
1171 1483 1323 1548 οιιὸτοῦ
1340 1489 1433 1548 θεοῦ
1449 1485 1576 1566 κριτὴς

298 1571 446 1654 ζώντων
469 1571 529 1630 καὶ
553 1575 705 1653 νεκρῶν
731 1572 785 1632 eir
802 1571 843 1644 ll,
859 1573 984 1636 34-36
1002 1573 1100 1648 (XVII
1114 1575 1178 1652 31)
1209 1573 1368 1651 llaecjam
1382 1574 1573 1634 iuitsumma

297 1656 582 1740 praedicendorum,
600 1657 728 1718 Judaeis
748 1655 872 1734 quidem
891 1661 1019 1720 maxime
1044 1663 1156 1738 quippe
1177 1659 1291 1721 Christi
1313 1658 1572 1720 interfectoribus.

382 1743 496 1806 Nostro
526 1752 627 1807 autem
653 1745 721 1804 loeo
745 1745 846 1821 agitur
870 1743 1054 1805 de-cnristo
1083 1749 1151 1824 ipso
1175 1751 1338 1824 postquam
1370 1745 1577 1806 resurrexerit

298 1830 501 1912 praedicante.
533 1829 610 1904 Quid
631 1847 705 1892 vero
723 1829 948 1906 praedicaverit
965 1848 1034 1891 cum
1053 1831 1168 1894 diserte
1185 1849 1245 1892 non
1264 1831 1420 1902 doceatur,
1439 1835 1526 1892 caute
1545 1837 1577 1892 et

298 1921 519 1995 circumspecte
548 1933 673 1994 agamus
702 1932 739 1976 eo
766 1917 862 1992 magis
892 1929 1022 1978 necesse
1049 1925 1106 1982 est.
1152 1916 1279 1979 Videtur
1306 1917 1428 1995 quidem
1456 1933 1575 1978 summo

299 2021 366 2067 cum
386 2005 457 2081 jure
479 2003 630 2081 postulari
652 2018 762 2080 posse,
786 2007 820 2062 ut
841 2001 1017 2080 adlegemus
1036 2003 1072 2063 ad
1092 2021 1198 2066 omnes
1221 2003 1291 2065 illos
1308 2004 1393 2065 locos
1416 2003 1575 2082 inquibus

299 2089 379 2168 apud
402 2091 539 2150 Marcum
562 2090 690 2149 maxime
714 2087 842 2165 simplex
872 2088 1000 2164 verbum
1028 2089 1065 2149 de
1095 2089 1245 2167 evangelii
1272 2089 1500 2167 praedieatione
1522 2107 1577 2168 po-

299 2182 398 2241 natur.
443 2174 504 2238 Sed
526 2181 613 2252 patet
635 2174 724 2235 aliam
738 2190 816 2235 esse¹
834 2175 1092 2251 evangelistarum
1114 2178 1281 2245 rationem,
1311 2175 1378 2249 ubi,
1407 2175 1479 2253 quid
1502 2174 1576 2236 velit

298 2264 330 2323 in
357 2261 487 2339 singulis
518 2261 594 2323 locis
622 2259 735 2320 nudum
766 2254 944 2340 κηρύσσειν,
975 2261 1063 2324 facile
1095 2280 1133 2322 ex
1161 2267 1225 2321 tota
1248 2263 1396 2338 temporis
1427 2269 1459 2322 et
1487 2262 1575 2339 regni

300 2347 415 2410 diserte
438 2348 608 2408 annuntiati
630 2345 805 2407 conditione
828 2351 1042 2423 cognoscatur.
1087 2348 1121 2407 ln
1153 2347 1292 2424 epistolis
1322 2349 1445 2409 omnino
1474 2349 1577 2408 rarius
1631 2415 1635 2420 ,

299 2441 425 2514 praeter
446 2433 528 2494 bunc
550 2432 587 2493 de
614 2450 675 2509 quo
698 2434 798 2509 agitur
827 2432 927 2493 locum
949 2437 1131 2510 usurpatur,
1159 2433 1300 2494 absolute
1322 2440 1424 2494 antem
1446 2434 1487 2494 ita
1511 2439 1576 2494 tau-

298 2528 363 2583 tum
386 2521 510 2599 ponitur
533 2519 685 2597 (Romli,
706 2521 753 2583 14.
776 2521 824 2580 15.
857 2517 956 2579 iCor.
969 2519 1026 2591 IX,
1046 2518 1112 2594 27),
1136 2523 1171 2580 ut
1192 2518 1387 2596 praedicandi
1412 2537 1522 2581 munus
1546 2523 1577 2580 et

300 2612 386 2669 aetus
419 2607 516 2682 magis
549 2622 640 2684 quam
669 2603 741 2682 quid
771 2602 980 2682 praedicatum
1010 2607 1051 2666 sit
1081 2605 1280 2682 significetur.
1332 2605 1473 2666 APetro
1502 2621 1577 2666 vero

300 2693 447 2770 singulari
472 2690 563 2752 modo
586 2690 708 2752 Christo
743 2691 799 2768 ipsi
828 2689 966 2751 videmus
999 2687 1260 2770 praedicationem
1287 2690 1419 2752 adscribi
1447 2709 1576 2768 eamque

299 2781 380 2840 inter
409 2778 526 2838 inferos
561 2776 710 2847 habitam,
743 2778 913 2852 argumenti
943 2794 1018 2838 vero
1048 2779 1181 2854 finisque
1218 2778 1298 2839 illius
1318 2776 1576 2854 descriptionem,

299 2866 344 2925 uti
366 2863 499 2937 ridetur,
515 2879 646 2941 prorsus
669 2860 848 2921 desiderari.
894 2863 974 2924 Ante
998 2864 1097 2924 omnia
1122 2863 1159 2924 de
1181 2864 1267 2924 Petri
1288 2865 1386 2940 ipsius
1410 2863 1466 2924 bac
1488 2866 1519 2924 in
1540 2879 1576 2924 re

298 2968 358 3012 usu
379 2955 445 3011 erat
466 2948 691 3027 inquirendum.
726 2947 815 3007 Amat
832 2949 912 3008 enim
934 2948 1045 3010 Petrus
1062 2949 1236 3028 ubicunque
1260 2948 1297 3010 de
1316 2948 1474 3027 evangelio
1489 2966 1576 3028 prac-

299 3036 427 3098 dioando
450 3037 481 3095 in
504 3034 633 3113 epistola
657 3037 763 3112 nostra
792 3035 893 3114 agitur
916 3033 1011 3094 verbo
1037 3031 1282 3114 εὐαγγελίζεσθαι
1310 3038 1355 3096 uti
1383 3035 1432 3096 vel
1454 3052 1577 3112 compo·
1694 3059 1697 3066 ·

299 3125 366 3185 sitis
379 3123 439 3182 illis
455 3121 543 3184 verbi
555 3116 719 3198 ἀγγέλλειν.
745 3119 875 3179 Maxime
889 3121 1031 3182 attendas
1049 3138 1165 3198 quaeso
1182 3121 1218 3181 ad
1236 3135 1366 3199 eaquae
1386 3124 1395 3183 i
1414 3118 1468 3198 Ep.
1482 3121 1509 3193 1,
1527 3122 1574 3184 12.

298 3210 338 3274 25
361 3208 537 3286 leguntur,¹
563 3207 595 3265 in
619 3221 680 3282 quo
702 3206 876 3284 posteriore
900 3212 983 3267 certe
1005 3207 1073 3288 looo
1098 3225 1135 3267 ex
1158 3207 1277 3284 reliquo
1293 3206 1338 3267 Ni.
1355 3207 1400 3268 Ti.
1425 3223 1484 3268 usu
1506 3223 1575 3268 ver-

297 3295 370 3358 bum
398 3289 560 3372 κηρύσσειν
590 3294 795 3369 exspectatur.
840 3291 915 3351 Aliis
943 3291 1020 3352 loeis
1048 3292 1236 3370 elegantiore
1267 3291 1387 3354 delectu
1416 3292 1578 3371 distinguit

296 3383 379 3443 inter
405 3378 514 3442 verba:
548 3378 695 3455 populum
727 3376 858 3442 electum
881 3376 973 3453 jubet
1001 3374 1211 3455 ἐξαγγεῖλαι
1239 3374 1295 3450 τὰς
1323 3375 1434 3456 ἀρετὰς
1460 3383 1516 3440 τοῦ
1544 3377 1577 3438 ἐκ

299 3460 428 3536 σκότους
458 3461 644 3532 καλέσαντος
668 3495 703 3504 ψ
725 3481 782 3535 -;
814 3461 866 3522 ubi
896 3461 933 3523 de
957 3480 1083 3524 munere
1107 3467 1168 3524 τῶν
1196 3467 1252 3524 τοῦ
1282 3467 1359 3525 θεοῦ
1382 3463 1492 3544 λογίων
1515 3467 1577 3542 agi-

299 3557 361 3626 tur,
380 3550 475 3612 verbo
499 3548 628 3608 λαλεῖν
643 3548 754 3621 ιιλίίοι;
779 3547 831 3607 ubi
847 3548 1079 3624 significandum
1096 3555 1178 3620 erat,
1199 3568 1259 3627 quo
1277 3552 1402 3629 proprie
1421 3555 1578 3629 spectaret

274 3633 277 3643 '
298 3640 415 3718 gratiae
431 3635 550 3697 divinae
567 3632 770 3710 praedicatio,
790 3633 920 3710 legimus
942 3633 983 3706 εἰς
1004 3638 1095 3696 τοῦτο
1119 3632 1388 3716 εὐηγγελίσθη,
1402 3636 1578 3712 ἱ’να-·-;

298 3730 407 3786 nostro
436 3737 510 3782 vero
545 3719 625 3792 loco,
660 3719 747 3796 enjus
778 3721 901 3782 omnino
932 3720 1104 3794 intellectus
1136 3739 1174 3782 ne
1203 3722 1300 3782 dicam
1326 3725 1374 3784 ris
1405 3728 1435 3784 et
1463 3740 1577 3784 umus

297 3811 367 3872 inde
383 3805 510 3888 pendet,
529 3805 663 3866 abstinet
682 3823 698 3864 a
718 3805 811 3866 verbo
832 3806 1080 3882 significantiore.
1115 3807 1155 3868 Si
1174 3807 1265 3885 quid
1283 3809 1411 3870 valent
1428 3810 1577 3870 omnino

298 3912 394 3975 quas
417 3896 593 3954 auctores
616 3891 790 3968 singulos
812 3894 922 3969 sequi
944 3893 1115 3955 ridemus
1134 3892 1287 3954 dicendi
1309 3895 1413 3971 leges
1431 3899 1466 3956 et
1488 3912 1578 3955 oon

299 3979 542 4049 suetudines‚
574 3977 642 4038 boe
672 3983 755 4038 cert
763 3996 817 4038 um
845 3984 903 4040 est
925 3976 1129 4060 κηρύσσειν
1158 3984 1288 4042 nostro
1310 3979 1395 4041 loco
1419 3997 1436 4040 a
1458 3982 1577 4042 Petro

299 4084 371 4130 non
393 4067 570 4167 positum
599 4080 691 4124 esse
719 4065 808 4141 quia
832 4065 1038 4142 evangelii
1066 4064 1323 4141 praedicatio
1352 4066 1425 4128 boc
1453 4067 1578 4130 verbo

300 4153 416 4233 quasi
439 4150 595 4230 proprio
619 4148 969 4226 significaretur.²
1000 4152 1095 4211 Immo
1113 4154 1279 4258 quamvim
1297 4152 1408 4213 babeat
1431 4152 1489 4223 boo
1511 4152 1577 4214 loeo

298 4238 501 4319 peculiarem,
522 4240 574 4296 ant
596 4253 613 4297 e
636 4253 716 4296 nexu
731 4238 784 4314 qui
803 4238 870 4314 ipso
885 4236 981 4297 verbo
996 4237 1154 4314 particulis
1170 4224 1242 4297 ἓν
1216 4259 1241 4319 ῳ
1257 4237 1310 4298 καί
1322 4237 1577 4301 antecedentibus

299 4324 442 4403 adjuncto
460 4324 633 4384 oontexitur
651 4329 703 4382 aut
723 4340 761 4383 ex
783 4339 842 4383 usu
865 4339 956 4399 quem
974 4322 1096 4383 babet'
1087 4341 1119 4382 m
1134 4324 1190 4384 No
1203 4325 1257 4386 To.
1282 4341 1299 4384 a
1322 4325 1441 4385 verbo
1465 4321 1579 4404 εοαγ-

298 4407 522 4491 γελίζεσθαι
546 4407 809 4469 differentem
823 4406 995 4485 judicemus
1016 4424 1144 4470 necesse
1162 4415 1218 4471 est.
1248 4409 1335 4472 Nunc
1355 4411 1467 4474 clarius
1488 4425 1579 4490 appa·

302 4518 501 4531 .....--.--—-·

369 4564 391 4616 i.
410 4560 453 4614 Vs.
466 4562 510 4615 25:
530 4574 609 4612 τουτο
625 4553 736 4612 δεεσσε
757 4552 877 4642 τορημα
895 4575 926 4611 το
941 4555 1345 4648 εοαγγελισθενειςομας
1376 4563 1418 4616 Vs.
1431 4567 1475 4619 lt.
1495 4561 1578 4616 ἃνῦν

300 4623 565 4750 ἀνηγηὲίηάιληηῖν
583 4623 631 4680 διὰ
653 4628 710 4682 τῶν
732 4622 1100 4701 edayysicooeptvorr‘
1086 4631 1157 4702 ομᾶς
1179 4631 1272 4684 scribit
1292 4633 1370 4699 plane
1387 4632 1577 4687 Alexandrino·

303 4715 359 4753 rum
377 4714 392 4751 a
430 4715 472 4752 mo
491 4714 507 4751 n

366 4771 390 4822 2
410 4767 460 4822 Gir.
478 4781 557 4834 snpra
574 4766 612 4820 lle
630 4765 733 4828 Wetto‚
752 4765 864 4829 llntber,
882 4766 1048 4832 Brueckner,
1068 4769 1222 4836 Wieringer.
